1866 2477
798 167 928 204 carra
957 178 1172 205 unsroun.
1616 175 1678 205 153

321 257 566 295 AEdossMmaeio
587 258 807 304 significavit.
835 260 952 296 amari-
967 258 1117 300 Viennae,
1151 264 1254 305 atque
1276 257 1341 294 ooli
1363 258 1494 295 litteras
1517 260 1680 304 Graecas3

230 317 355 363 sibique
368 317 501 364 placere
519 315 597 351 Atdi
623 317 764 352 labores.
809 317 894 352 Esse
922 317 985 352 sibi
1006 317 1145 351 Latinos
1173 324 1207 351 et
1230 318 1375 351 Graecos
1405 317 1556 357 codices,
1587 318 1682 353 lectu

228 384 296 407 non
318 373 481 418 indignos.
508 373 725 421 ‘Venturum‘
740 384 779 408 se
808 379 886 410 cum
909 374 998 409 libris
1026 373 1166 408 Vmuas
1192 383 1270 408 vere
1300 374 1463 418 proximo.
1511 375 1600 411 Petit
1630 376 1681 410 in-

227 430 468 466 troductionem
491 430 527 465 in
548 429 674 465 litteras
696 430 850 472 Graecas,
874 440 1034 466 excusam
1055 429 1159 475 typis.

316 516 601 572 StephanoRfisslin
619 525 713 561 misit
736 524 976 570 ingolstadium
999 525 1286 573 commendatitias
1315 526 1450 567 litteras,
1473 495 1680 565 exhibendas
1730 520 1732 523 ’

228 583 362 622 amicis,
394 594 480 627 quos
507 581 632 617 Celtis
662 581 970 627 Augmtae'habuit,
1007 587 1047 617 ut
1073 589 1326 626 consequeretur
1357 594 1480 618 munus
1505 585 1678 629 profitendi

227 638 364 686 Latinas
386 639 513 674 litteras
535 639 571 674 in
593 639 708 675 schola
727 639 923 675 cathedralis
944 638 1100 675 ecclesiae
1119 637 1322 684 Augustanae.

320 733 447 783 ‚Joanm'
464 709 639 770 Schiechtae.
664 733 766 779 Regis
780 734 975 769 Pannonum
997 732 1190 772 Secretario,
1213 739 1355 769 testatur
1372 746 1474 771 suum
1497 747 1577 781 erga
1601 750 1678 774 eum

226 791 384 828 studium.
430 791 513 837 Agit
523 785 647 836 gratias
669 801 727 836 pro
749 788 913 825 Pwtmaeo
935 801 1064 835 graeco.
1110 790 1266 832 Quaerit,
1286 791 1367 837 quid
1386 792 1508 829 referre
1526 804 1586 840 pro
1610 801 1681 831 tam

227 849 351 894 insigni
372 849 459 884 dono
480 849 606 885 debeat.
676 848 819 894 Adjicit,
856 847 887 883 si
910 849 994 883 nihil
1015 853 1179 887 occurrat,
1212 859 1249 883 se
1272 850 1430 884 daturum
1459 861 1610 896 operam,
1641 861 1679 888 ut

227 906 396 941 donatoris
418 917 540 941 nomen
567 906 611 940 ad
627 905 848 940 immortalem
870 903 1071 950 posteritatis
1092 905 1289 939 memoriam
1311 907 1533 942 transferatur.

325 999 379 1037 771.
400 998 544 1045 Rysicheo
565 1000 704 1041 indicat,
734 1010 852 1035 vacare
878 998 1008 1034 Viennae
1033 999 1116 1044 juris
1139 999 1290 1035 canonici
1312 1001 1472 1036 lecturam:
1508 1014 1582 1037 esse
1604 1014 1678 1038 eam

227 1060 268 1094 ab
290 1057 470 1102 Hieronymo
493 1056 592 1092 Balbo
623 1069 691 1092 non
722 1064 940 1102 acceptatam.
1002 1057 1117 1101 Optat,
1148 1063 1261 1100 rogat,
1292 1065 1427 1100 monet,
1456 1059 1615 1104 Rysichm
1644 1067 1683 1094 ut

226 1121 374 1161 spartam
398 1115 485 1150 illam
508 1114 639 1150 ambiat.
686 1114 854 1175 Epistolae
876 1113 1026 1159 adjunxit
1048 1124 1193 1148 carmen.

833 1226 932 1263 Anno
960 1226 1059 1264 1499.

316 1334 369 1370 Ad
393 1334 488 1369 Laur.
513 1333 670 1368 Corvimm
695 1332 910 1368 Vratistavimn
932 1334 1028 1369 datae
1050 1334 1182 1369 litterae
1202 1333 1325 1368 amoris
1348 1333 1465 1377 plenae
1488 1338 1601 1372 erant,
1633 1344 1672 1368 ac

224 1392 436 1429 monitorum.
460 1400 463 1401 ⁷
482 1392 658 1430 Hortatur,
689 1386 745 1431 ut,
777 1400 854 1426 cum
877 1389 956 1424 ludo
980 1391 1142 1427 litterario
1170 1390 1356 1437 praefectus
1378 1389 1440 1430 sit,
1475 1390 1618 1435 patriam
1640 1398 1674 1426 et

225 1451 341 1487 urbem
362 1450 524 1485 celebrem
546 1448 734 1485 melioribus
755 1447 874 1483 studiis
897 1447 1048 1485 illustret.
1095 1449 1231 1485 Excitat
1253 1449 1297 1484 ad
1318 1448 1446 1489 famae,
1475 1454 1512 1498 et
1531 1448 1672 1484 nominis

224 1506 470 1552 adipiscendam
491 1505 793 1548 immortalitatem;
833 1515 934 1550 quam
964 1505 1028 1551 ipsi
1059 1502 1232 1552 pollicetur
1262 1506 1353 1541 cultu
1376 1515 1524 1549 poeseos·
1578 1503 1672 1544 Petit,

224 1565 267 1599 ad
290 1575 327 1600 se
348 1569 387 1599 ut
408 1564 521 1599 mittat
541 1564 685 1613 mina
706 1561 853 1599 Bon-astas·
873 1562 908 1598 de
929 1555 1129 1600 Hasseae'utein.

313 1656 438 1706 ,Juanni
461 1655 699 1700 Aesticampim
723 1654 896 1696 cracoviae,
919 1656 1066 1696 nuntiat,
1097 1656 1320 1691 oommoffiore
1346 1655 1420 1701 jam
1448 1666 1486 1690 se
1510 1656 1560 1690 uti
1583 1657 1673 1691 vale*

219 1716 357 1754 tudina>
391 1714 495 1751 Mittit
517 1711 675 1749 carmina.
721 1712 891 1749 Promittit
913 1712 1065 1754 meliora,
1089 1712 1203 1758 pridem
1225 1724 1314 1755 cara,
1337 1719 1372 1749 et
1393 1713 1493 1748 tersim
1513 1713 1672 1760 laevigata.

220 1773 370 1815 Quaerite,
387 1772 467 1817 qnid
480 1773 525 1808 sit
547 1772 588 1807 de
606 1769 805 1816 supellectile
823 1770 964 1812 librarIa,
985 1781 1089 1816 quam
1110 1778 1189 1818 post
1208 1772 1336 1809 obitum
1356 1769 1515 1806 eramiae
1536 1772 1671 1817 reliquit

223 1828 424 1866 Callimachus.

310 1909 442 1946 Meotao
461 1909 604 1946 Plebano
634 1910 666 1945 in
687 1907 869 1946 Eimnkeim
897 1908 1047 1955 scripsit,
1079 1916 1117 1947 nt
1145 1921 1221 1946 cum
1244 1908 1427 1946 mittendae
1456 1909 1501 1945 ad
1526 1916 1672 1950 mtrem

221 1970 378 2018 pecuniae
401 1974 551 2015 paratam
573 1980 641 2004 non
662 1979 793 2014 semper
812 1968 935 2004 habeat
957 1968 1176 2009 oce-sionem,
1200 1968 1270 2013 ipse
1293 1968 1420 2004 interea
1439 1969 1673 2014 suppeditaret,

219 2029 266 2068 id,
288 2028 376 2074 quod
397 2029 488 2062 foret·
502 2026 735 2064 necessarium.
782 2025 931 2072 Spondet
952 2037 1028 2063 cum
1047 2026 1178 2062 actione
1200 2025 1385 2071 gratiarum
1405 2026 1677 2069 seredditmum,

223 2086 314 2130 quod
336 2084 538 2132 expenderit.

310 2138 318 2146 ⁸
1407 2144 1454 2176 22

434 2289 481 2337 Q
