1866 2477
747 166 876 199 curn
893 164 1117 198 urs-rotae
1507 157 1513 163 '
1604 162 1663 213 164

778 249 919 288 Anno
945 246 1046 289 149⁷.

295 304 453 345 &baa-n
467 303 634 343 cunnum
658 269 848 342 consolatur
871 306 915 341 de
936 304 1025 340 facta
1046 304 1096 339 rei
1116 295 1287 343 familiaris
1305 305 1446 352 jaomra.
1492 283 1663 346 Hortatur

202 368 249 404 ad
270 365 380 411 ammi
397 354 643 407 constantiam
679 363 820 409 adjecto
831 361 1091 407 epigrammate,
1123 363 1213 406 quod
1241 362 1309 398 huc
1336 364 1434 407 facin
1464 375 1506 400 ac
1530 366 1660 407 edocet,

190 412 405 473 exoptandas
425 421 521 457 nobis
543 431 618 456 esse
640 419 753 466 potius
771 430 828 455 res
841 411 1009 460 adversas,
1032 428 1136 467 quam
1155 420 1326 456 secundas.
1359 421 1523 464 Testatur,
1546 422 1660 464 fiune,

205 480 265 526 qni
286 479 331 512 40
355 483 415 514 aut
435 479 479 511 50
504 487 623 512 aureos
653 476 733 511 date
755 476 900 515 vellent,
935 474 967 527 si
994 474 1141 511 libellum
1170 475 1206 510 de
1227 465 1425 529 Norinuberga
1453 478 1536 525 ipsis
1567 487 1660 516 esset

203 531 395 579 dicaturus3
419 535 479 571 sed
500 534 585 570 velle
605 544 643 568 se
664 543 733 567 non
744 527 827 573 a‘liis,
846 542 947 577 quam
966 530 1266 578 Νοήηιὶιινςεωὶόω.
1313 534 1469 575 Querimr
1490 537 1533 572 de
1550 535 1656 572 Griin-

202 590 318 638 hofiro,
348 592 451 638 quod
458 587 640 635 pecuniam
670 600 738 624 non
758 589 872 625 mittat
903 599 962 635 pro
984 589 1077 626 victu
1102 591 1360 628 adolescentum.
1407 593 1552 630 Demum
1574 594 1656 630 facit

202 649 408 686 mentionem
430 646 473 683 de
495 646 549 683 sui
570 646 745 683 vocatione
766 645 873 692 Regia
898 645 1054 684 Vim.
1159 663 1161 665 ·

245 719 247 721 ’
271 712 407 758 .,Εῐᾰὲιη
435 717 599 758 affinnat,
635 729 674 754 se
703 718 769 753 hoc
793 729 882 754 anno
903 714 1028 766 ,multis
1053 718 1151 756 rebus
1177 719 1324 756 adversis
1348 726 1506 757 vexatum
1535 720 1655 765 fuisse3

204 778 285 822 quin
305 776 526 821 desponderet
547 775 717 816 animum,
750 779 810 810 au't
831 776 982 811 ardorem
1003 776 1190 811 studiorum
1214 777 1405 813 remitteret.
1450 778 1565 823 Jungit
1584 789 1653 814 mr-

200 837 300 870 men:
335 830 421 878 Quid
438 837 556 868 aarum
571 832 683 866 steriles
698 826 786 878 poeta
802 831 912 884 Mum
934 830 997 869 &a
1022 833 1183 869 adversus
1204 840 1361 870 senatum
1374 833 1531 875 Narium,
1555 837 1653 881 quod,

202 892 406 936 suggerente
428 890 548 930 scriba,
569 899 630 934 pro
653 889 762 924 dicata
783 890 1088 934 sibi'descriptione
1110 889 1334 934 Norimbergae,
1358 891 1524 927 levidense
1549 894 1653 927 hono-

200 947 343 987 tarnim,
375 948 395 979 8
419 955 599 981 aureorum
621 945 815 982 decreverit.
862 944 1015 987 Asserit,
1044 945 1139 981 iratis
1156 944 1289 987 Musis,
1321 957 1361 983 se
1383 947 1554 993 scripsisse
1579 948 1654 986 illos

198 1015 329 1043 versuso
369 1012 370 1015 ’

268 1059 271 1061 “
290 1059 413 1096 &aaut
433 1058 676 1105 Norbnhngmi
696 1059 838 1101 indicat,
873 1060 1012 1106 ejusque
1030 1059 1157 1105 judicio
1180 1060 1356 1106 relinquit.
1386 1063 1468 1107 quid
1489 1061 1600 1097 libello
1622 1060 1658 1096 de

199 1117 399 1162 Norimberga
427 1117 473 1151 sit
494 1117 700 1157 addendum,
731 1117 994 1152 demendumve:
1032 1123 1094 1151 aut
1125 1127 1195 1161 quo
1217 1119 1320 1153 modo
1349 1120 1530 1163 praeterita
1561 1119 1653 1159 bella,

196 1185 284 1221 quae
304 1179 385 1210 sunt
405 1179 503 1218 gesta
523 1184 546 1208 a
566 1170 869 1218 Norimbergensibus,
892 1172 1032 1209 describi
1052 1173 1201 1210 debeant.

289 1243 324 1280 A
348 1241 479 1289 Georgia
500 1241 576 1284 Alt,
610 1242 733 1289 publici
755 1242 872 1278 aerarii
902 1240 1158 1288 Norimbergmris
1195 1243 1398 1289 logographo
1428 1245 1513 1281 scire
1544 1245 1649 1291 cupit,

196 1313 263 1348 quo
285 1301 360 1347 loco
388 1300 433 1336 sit
459 1310 540 1336 suus
563 1300 692 1337 libellus
720 1298 757 1335 de
778 1298 988 1346 Norimberga.
1034 1300 1111 1336 Non
1131 1300 1280 1351 dubitare
1306 1313 1345 1338 se
1366 1301 1499 1343 scribit,
1529 1303 1652 1338 doctae

196 1358 313 1396 ltaliae
337 1358 549 1395 admirationi
568 1358 657 1400 fore,
688 1359 718 1394 si
738 1358 774 1395 in
796 1358 906 1394 lucem
926 1358 1053 1394 exierit.

290 1428 322 1464 A
338 1427 448 1464 Senam
470 1428 584 1463 Norico
606 1429 726 1474 repetit
747 1428 894 1464 libellum
915 1433 995 1464 ante
1016 1427 1143 1473 aliquot
1163 1438 1269 1463 annos
1291 1404 1440 1465 oblatum
1446 1438 1457 1471 3
1487 1432 1525 1463 ut
1546 1426 1651 1473 'possit

194 1486 372 1523 emendare
398 1485 434 1521 in
454 1485 585 1522 melius.

288 1557 375 1592 Cum
396 1555 527 1591 Ηὲηνίεο
553 1553 725 1601 Gruvtinger
752 1557 823 1601 agit
854 1564 914 1601 per
942 1554 1116 1600 epistolam
1150 1556 1193 1591 de
1215 1555 1397 1601 alphabetis
1419 1554 1575 1598 Graecis,
1615 1561 1651 1592 et

196 1613 366 1650 Hebraicis
388 1613 512 1648 incisis.

262 1675 409 1724 ι,ἳόαηιιί
434 1675 553 1721 nglio
581 1676 733 1715 nuntiat,
768 1679 924 1709 vocatum
952 1684 990 1709 se
1018 1685 1093 1710 esse
1119 1673 1334 1711 Vindobonam.
1399 1676 1569 1716 Preeatur.
1608 1683 1648 1714 ut

194 1734 343 1770 inducias
364 1726 560 1779 persuadeat
580 1730 704 1779 Joanni
725 1731 760 1766 in
781 1732 958 1776 repetendo
977 1732 1098 1768 debito.

286 1802 345 1838 Ad
370 1802 487 1838 mndem
517 1803 629 1839 scribit
657 1803 699 1855 qe
717 1798 898 1837 Philostrato
927 1802 1058 1838 Latine.
1106 1803 1236 1838 Rursus
1264 1803 1343 1839 facit
1371 1803 1574 1838 mentionem
1605 1804 1648 1838 de

195 1861 371 1897 vocatione
394 1861 549 1897 Viennam.

286 1918 460 1955 Adversus
476 1917 641 1966 *Q‘J'oannem
663 1915 798 1953 stabiam
826 1917 1054 1962 conqueritur,
1086 1918 1176 1962 quod
1205 1924 1298 1953 tanto
1326 1922 1493 1962 tempore,
1522 1927 1649 1964 suaque

196 1976 404 2023 aegritudine
426 1976 511 2011 nihil
533 1977 630 2012 abeo
653 1976 835 2011 litterarum
856 1976 1027 2020 acceperit,
1074 1974 1198 2015 Refert,
1222 1975 1361 2010 moleste
1384 1985 1422 2009 se
1436 1974 1532 2018 ferre,
1558 1976 1650 2021 quod

197 2035 370 2083 seiunctus
389 2035 460 2082 jam
478 2035 534 2071 sit.
582 2035 685 2080 Optat
702 2033 817 2074 Stabio,
839 2038 878 2069 ut
900 2033 1045 2079 poetices
1065 2033 1226 2074 lecturam
1249 2033 1469 2072 nanciscatur.
1498 2034 1651 2075 Quaerit.

197 2093 275 2138 quid
298 2094 344 2130 sit
362 2092 403 2130 de
417 2092 534 2134 libello,
556 2091 591 2128 in
605 2102 672 2138 quo
693 2091 855 2133 Manilius,
879 2096 914 2128 et
931 2091 1092 2129 nonnulla
1110 2091 1176 2129 alia
1191 2092 1414 2129 astronomica
1431 2093 1651 2132 continentur,
