1866 2477
786 161 916 189 cuns
934 160 1156 188 1113101111,
1631 157 1691 195 149

219 256 298 292 una
317 232 395 282 cum
417 243 512 280 libello
534 243 579 278 de
589 241 805 289 Norinnberga‚
834 251 888 280 et
884 244 1024 280 chartis
1041 245 1115 289 aliis
1138 245 1174 281 in
1197 244 1316 280 itinere
1337 255 1377 281 se
1400 245 1592 291 perdidme.
1622 248 1690 284 Ad-

224 303 334 351 iunxit
357 302 512 343 eumuna,
534 301 744 338 adscribenda
766 300 821 338 1x
833 301 961 343 Musis,
980 312 1063 352 quas
1085 302 1131 338 in
1143 302 1213 338 suis
1234 302 1371 338 aedibus
1390 303 1542 349 depictas
1566 304 1690 342 habue-

224 368 278 397 rat
303 360 463 397 crannum.
585 376 594 382 ··

318 431 357 466 In
383 428 522 476 epistola
552 428 594 462 ad
622 425 685 474 30.
713 425 900 462 Tritloemium
930 427 1010 464 facit
1038 428 1242 468 mentionem
1271 429 1313 463 de
1335 429 1487 475 operibus
1504 429 1687 471 Romam,

223 498 324 536 quae
329 493 410 523 ante
432 486 603 522 obtulerat.
650 483 801 519 Inducias
821 485 934 530 petit,
958 492 1122 545 quantum
1152 487 1195 521 ad
1217 486 1416 524 solutionem
1441 488 1573 527 debitis
1597 490 1687 535 quod

221 549 434 580 contraxerat
455 542 544 587 apud
572 539 767 575 Trithemium.

317 611 474 651 &baldum
494 604 669 651 clamosum,
693 610 749 655 qui
770 620 873 656 grave
894 611 1054 647 damnum
1078 623 1199 658 passus
1221 620 1292 650 erat
1311 626 1331 650 a
1349 612 1520 651 Sebastiano
1533 615 1687 652 Kamm-

222 671 358 711 maim,
385 668 482 719 affine
502 679 583 709 suo,
612 667 822 714 consolatur:
859 667 987 713 adjecto
1010 669 1155 705 oermine
1177 670 1324 716 ejusdem
1353 673 1562 717 arg-umenti;
1598 674 1689 718 quod

225 719 363 775 incipit:
396 726 545 767 Clamose,
581 726 689 761 nostris
708 723 885 766 carminibus
906 723 983 762 Εἰς.

214 825 217 827 .
314 797 348 833 A
370 795 498 845 {joanne
520 795 643 837 Coclite,
675 796 821 830 Norimb.
847 802 1019 838 senatore,
1056 807 1155 831 nome
1183 799 1275 842 cupit
1308 799 1388 842 quid
1415 799 1463 833 sit
1493 766 1536 834 de
1558 801 1687 843 libello·

220 852 431 907 Mnimlzerga.
476 853 611 900 Repetit
633 853 799 898 exemplar
821 852 918 894 illud,
950 854 1038 899 quod
1061 855 1276 894 commodato
1293 856 1430 891 miserat
1453 854 1600 893 Cocliti.

322 923 447 960 Sebaldo
475 924 610 958 Clamore
642 923 747 957 mittit
781 923 1011 968 inscriptiones
1025 947 1047 966 ,v
1074 924 1193 969 quibus
1222 926 1289 960 sint
1327 928 1491 962 ornandae
1523 928 1686 973 imagines

225 982 425 1034 Numinum,
446 991 528 1027 quas
551 981 586 1016 in
607 980 742 1016 aedibus
760 980 830 1015 suis
856 980 1002 1027 depictas
1025 981 1195 1018 habuerat.

838 1073 940 1109 Anno
975 1072 1074 1110 1496.

312 1143 368 1179 Ad
388 1141 543 1190 ffoannem
569 1141 718 1187 ngtium
749 1141 973 1188 Hhidelbergam
1001 1142 1095 1177 misit
1117 1142 1332 1187 epistolarum
1355 1143 1567 1186 fasciculum,
1602 1155 1686 1193 quas

218 1207 257 1236 ut
279 1200 364 1235 inter
382 1199 515 1239 amicos,
542 1203 576 1233 et
599 1199 737 1240 sodales,
762 1200 880 1244 quibus
905 1199 1090 1239 destinatae
1112 1205 1205 1234 erant
1228 1199 1457 1242 distribueret,
1490 1201 1634 1246 rogavit.

316 1269 367 1306 Ad
394 1268 582 1305 Valentinum
604 1267 782 1313 Engelhard
815 1270 856 1305 de
887 1269 1095 1305 Gelderheim
1108 1294 1117 1309 ,
1156 1268 1392 1305 Conrectorem
1417 1270 1534 1307 Bursae
1562 1273 1682 1320 Montis·

216 1327 372 1364 Coloniae
387 1326 586 1373 Agrippinae
611 1327 755 1362 similem
779 1327 964 1364 litterarum
986 1327 1079 1363 misit
1100 1327 1306 1365 fasciculum.
1337 1329 1494 1365 Promisit
1517 1331 1680 1376 carmina3

216 1391 316 1430 atque
339 1385 583 1419 commendavit
606 1395 706 1419 suum
729 1390 893 1428 nepotem.

310 1454 342 1489 A
367 1452 504 1488 Conrado
526 1451 652 1489 Amico,
681 1460 754 1489 tum
777 1454 927 1490 Viennae
947 1458 1099 1489 morante
1121 1453 1224 1499 petit,
1247 1459 1285 1490 ut
1308 1455 1369 1491 sibi
1393 1454 1548 1499 pecunias
1570 1456 1685 1493 reddat

216 1518 333 1547 mutuo
358 1512 465 1551 datas,
489 1517 668 1555 antequam
692 1512 822 1548 Vienna
843 1511 890 1545 sit
912 1511 1165 1555 demigratmus.

314 1580 413 1625 Apud
440 1581 651 1625 Hieronymum
689 1578 959 1624 Norimbergensem
996 1580 1161 1614 medicum
1195 1580 1407 1623 conqueritur
1446 1581 1489 1616 de
1523 1581 1677 1618 diuturno

216 1637 358 1673 silentio.
389 1638 507 1671 Cetera
529 1636 741 1671 oeconomica
755 1641 850 1677 sunt;
880 1636 1087 1678 attinentque
1107 1645 1218 1669 curam
1242 1636 1283 1669 de
1297 1636 1524 1681 suppellectile
1544 1638 1676 1675 libraria

213 1695 256 1729 ad
278 1705 315 1729 se
339 1693 539 1739 perferenda,
582 1698 585 1700 '
818 1713 820 1715 -
1224 1721 1245 1736 7

304 1765 398 1805 Quae
421 1769 473 1799 est
495 1764 538 1798 ad
561 1762 720 1798 Henricum
739 1761 774 1796 de
799 1760 934 1803 Buuaw,
961 1766 1033 1797 tota
1059 1762 1208 1799 officiosa
1230 1768 1301 1807 est3
1337 1764 1413 1799 data
1439 1763 1650 1801 Wormatiam.

298 1832 456 1886 ,Joqnnem
482 1832 629 1880 Vigilium
651 1830 917 1877 Heidelbergensem
940 1839 1112 1886 precatur,
1147 1841 1183 1869 ut
1206 1844 1339 1878 operam
1362 1845 1458 1871 suam
1482 1836 1675 1882 interponat

210 1892 299 1938 apud
322 1891 536 1932 creditorem,
568 1891 775 1935 eundemque
798 1896 989 1936 permoveat
1016 1892 1060 1926 ad
1078 1891 1235 1928 inducias.

227 1997 229 1999 ,
303 1961 430 1996 Henrico
456 1959 643 2007 Gruningero
671 1961 809 2000 indicat,
840 1960 1038 2007 Norimberga
1071 1961 1287 2006 Ingolstadium
1314 1963 1357 1998 ad
1375 1974 1414 1998 se
1435 1963 1568 1999 venisse
1591 1963 1671 1999 ado'-

209 2022 372 2058 lescentes
393 2020 489 2061 duos,
517 2018 753 2065 Christophmm
768 2018 944 2074 Friesingqr,
968 2026 1004 2056 et
1019 2018 1248 2065 sigismundum,
1272 2021 1418 2057 discendi
1441 2032 1550 2064 causa,
1573 2022 1674 2059 disci·-

212 2078 319 2123 plinae
342 2088 423 2115 suae
445 2089 465 2114 a
487 2077 672 2123 parentibus
697 2077 957 2113 commendatos.
