1866 2477
201 120 274 158 *148
397 160 405 165 ,
752 132 821 155 un.
848 131 891 155 n.
942 132 1019 157 cu.
1043 131 1152 158 xxiv.

201 215 303 252 diebus
331 226 454 260 parvum
479 213 535 246 vix
560 212 721 256 epistolium
743 212 801 246 tuis
820 210 1022 256 fiequsntibut
1044 212 1150 248 litteris
1171 218 1340 259 extorquere
1359 216 1482 260 pomisti
1508 217 1571 253 &c.
1618 212 1671 257 Ex

205 273 322 309 iisdem
353 268 473 313 Jblophi
490 269 606 302 litteris
628 268 854 313 intelligimu5‚
882 268 914 303 C
914 270 1028 303 eltem
1049 268 1263 317 Norimbergae
1287 280 1364 307 cum
1387 271 1548 315 haereret,
1572 274 1608 311 in
1628 279 1670 312 ,οἷο

201 331 310 369 fuisse,
333 333 367 362 ut
384 328 566 370 antiqwmn
588 324 705 360 deman
721 327 896 371 prosapiam
916 332 945 362 et
965 326 1123 364 Fastorum
1143 340 1198 364 sex
1214 327 1304 365 libros
1326 329 1503 376 imaginum
1519 319 1674 370 illiniren-

200 386 252 420 dos
273 390 392 419 curaret.
1560 414 1563 417 ,
1653 413 1658 421 ,

290 439 414 489 <⁸Joanm‘
438 436 553 473 Graeco
574 436 676 473 Pierio
707 439 790 475 duas
819 438 960 475 Lincium
992 439 1126 486 scripsit
1155 441 1320 488 epistolas,
1389 441 1491 479 Alteri
1517 434 1667 491 adjunxit

201 499 344 534 carmina
368 498 403 532 in
425 495 648 541 Rapophagos‚·
683 509 750 532 una
773 509 853 532 cum
876 498 965 532 dono
986 495 1074 544 ffani
1104 497 1237 543 Telephi.
1282 500 1474 540 Quaesivit.
1502 513 1547 537 an
1568 501 1669 543 Fruar

199 556 290 591 ciscus
311 554 462 589 Bonomus
485 553 638 590 Viennae
669 553 741 600 jam
770 554 942 591 advenerit
974 555 1017 591 ad
1048 555 1236 593 obeundum
1270 568 1395 594 munus
1424 558 1668 605 professorium.

200 613 370 658 Epistolae
392 613 479 647 alteri
503 611 644 646 comites
668 611 793 647 addidit
815 612 950 657 elegiam,
975 613 1045 648 sale
1068 614 1238 654 conditas,
1261 616 1378 659 quibus
1399 616 1478 651 lusit
1500 609 1536 652 in
1558 627 1669 653 sacer-

198 670 315 705 dotum
338 675 437 714 atque
455 669 641 714 principum
666 668 858 705 barbariem.

292 741 346 777 Ab
361 740 491 775 Henrico
508 741 631 782 Euticu,
654 740 784 777 medico
807 739 893 784 Aug.
903 740 1017 779 vind..
1041 741 1156 787 petiit,
1179 748 1217 777 ut
1236 743 1441 787 opusculum,
1465 735 1554 790 quod
1567 745 1669 788 misit,

198 804 327 834 curaret
351 797 507 844 imprimi.

816 840 916 877 Anno
954 841 1051 881 1494.

296 900 504 936 Theodericum
525 898 687 939 Ulsmium,
709 897 983 943 Norimbergensem
1005 902 1173 937 medicum
1189 903 1333 938 consulit
1348 904 1390 939 de
1403 913 1463 938 sua
1475 903 1669 946 valetudine3

197 958 382 1004 repetitque
405 958 564 997 libellum,
590 966 658 1001 quo
681 953 910 1001 Norimbergam
934 957 1116 1003 descripsit.

290 1029 379 1064 Petro
402 1028 489 1068 Petz,
514 1027 684 1063 Canonico
708 1028 921 1069 Erfordiensi,
948 1041 1050 1075 quem
1073 1036 1172 1066 vocat
1193 1033 1306 1077 affinem
1328 1043 1439 1072 suum,
1462 1043 1555 1077 spem
1578 1032 1669 1070 facit.

199 1098 237 1121 se
261 1093 438 1122 venturum
462 1097 538 1119 esse
557 1083 746 1127 Ersordiam.

288 1153 465 1200 Sigismund
490 1151 655 1199 Opflbeckli,
680 1152 886 1190 Procuratori
907 1153 1054 1189 scribens
1075 1154 1287 1201 Ratisponam,
1319 1155 1469 1201 adjunxit
1492 1156 1668 1201 epistolam

195 1214 236 1249 ad
249 1210 371 1260 ι,ῗαηανη
391 1211 560 1257 Tolophum,
585 1218 619 1248 et
642 1211 837 1248 tractatulus
857 1212 1116 1255 praesentandos
1139 1212 1271 1248 Erasmo
1285 1211 1434 1254 Australi,
1449 1213 1670 1249 Benedictino

196 1272 239 1307 ad
260 1269 295 1307 S.
319 1269 453 1305 Emmer.

247 1342 249 1344 ·
284 1329 423 1367 Monet,
445 1332 542 1371 rogat
565 1326 704 1371 epistola
728 1325 794 1361 alia
817 1325 979 1362 Erasmum
994 1324 1182 1368 Australem,
1206 1334 1244 1363 ut
1265 1328 1366 1363 libros
1390 1326 1671 1373 Metamorphoseon,

198 1396 284 1430 quos
304 1384 377 1428 jam
400 1389 478 1417 ante
502 1384 675 1425 petiverat,
701 1383 742 1415 ad
757 1393 794 1415 se
817 1382 949 1423 mittat3
979 1392 1048 1415 una
1070 1394 1147 1417 cum
1161 1384 1320 1418 Martiano
1343 1385 1385 1418 de
1407 1385 1532 1428 nuptiis
1557 1384 1669 1420 Philo-

196 1441 308 1487 logiae
332 1446 367 1475 et
390 1440 573 1479 Mercurii,
606 1445 640 1473 et
664 1439 705 1472 de
729 1437 827 1473 trivio
857 1444 891 1472 et
914 1438 1093 1482 quadrivio.

291 1510 416 1559 ρῗαηιινη
438 1509 532 1554 Toto}
525 1508 601 1544 Imm
624 1509 772 1554 postulat
794 1517 888 1543 reum
911 1508 1033 1552 ingrati
1056 1509 1177 1552 animi3
1211 1510 1301 1554 quod
1319 1520 1387 1544 non
1405 1500 1516 1544 mittat
1538 1508 1669 1544 Pmdm-

196 1571 318 1609 tianum,
343 1569 434 1614 typis
459 1567 673 1612 vulgandum.

294 1625 504 1660 Theodericum
519 1623 674 1659 Utsmium
701 1622 1015 1667 Norimbergensem
1031 1622 1201 1657 medicum
1224 1622 1381 1657 salutavit
1394 1621 1526 1662 litteris,
1543 1621 1667 1657 Phoebo

200 1682 317 1728 plenis,
342 1688 443 1726 atque
467 1681 596 1719 Musis,
629 1681 864 1725 doctrinaeque
888 1691 926 1715 ac
950 1679 1135 1716 studiorum
1156 1685 1269 1716 testes.
1315 1679 1488 1720 Hortatur,
1512 1684 1551 1715 ut
1575 1689 1672 1714 suam
1720 1676 1731 1681 '

198 1741 239 1775 ad
262 1738 510 1785 Ingolstadienses
532 1737 772 1782 profectionem
794 1744 949 1773 maturet.
1398 1750 1404 1752 Δ

294 1810 427 1845 Erasmo
448 1808 590 1844 Australi
612 1809 744 1843 muneri
769 1806 860 1842 misit
890 1805 1054 1840 collationes
1080 1803 1220 1852 ‹Joavmis
1251 1802 1410 1840 Tritlumii.
1468 1804 1568 1840 Petiit
1582 1831 1591 1846 ,
1631 1811 1668 1841 ut

202 1868 450 1903 trans-scriberet
472 1863 726 1902 Alexandreidem
750 1864 813 1900 sibi
836 1862 1102 1908 impertiendam.

816 1933 916 1969 Anno
959 1933 1057 1970 1495.

293 1994 416 2031 Sebatdo
441 1994 579 2031 Clamoso
610 1992 840 2039 Norimbergam
862 1992 959 2028 misit
980 1993 1072 2027 vitam
1095 1988 1128 2027 S.
1152 1986 1288 2030 sebaldi,
1303 1989 1403 2044 *typis
1417 1989 1568 2031 Aeditam;
1603 1998 1668 2025 una

205 2062 283 2087 cum
298 2052 445 2096 eiusdem
460 2054 536 2090 Divi
549 2053 706 2099 imagine.
737 2050 903 2093 Queritur,
927 2050 1081 2096 imaginis
1103 2046 1302 2094 exemplaria
1319 2046 1383 2082 alia
1404 2047 1440 2082 in
1454 2055 1665 2092 pergameno,
