1866 2477
194 338 340 394 Vetus
352 340 752 395 estetpervulgatum
795 348 1040 393 raeceptum:
1067 351 1162 381 non
1187 339 1388 383 scholae
1412 340 1652 385 sedvitae

191 396 311 444 'esse
338 394 652 442 discendum;
675 403 758 484 &iio
806 400 849 432 ut
871 392 1084 445 aplurimis
1106 393 1281 449 usurpari
1295 393 1418 442 solet,
1445 393 1501 435 ita
1520 391 1548 446 ’ρ
1618 398 1653 435 'r-

193 458 310 505 quam
328 444 460 499 paucis
484 452 595 485 recte
615 443 674 484 int
744 442 783 495 gi
797 444 966 486 videtur.
1007 443 1235 534 {mejam
1251 445 1375 494 agite,
1397 444 1556 488 Comm'
1577 446 1650 488 'to-

194 511 283 549 nes,
311 509 401 538 cum
415 497 547 537 denuo
568 495 615 535 ad
630 495 858 537 discendum
873 505 915 535 et
930 496 979 535 ad
992 507 1034 535 sc
1062 495 1144 535 olas
1164 506 1380 537 semestres
1397 508 1500 538 nunc
1516 499 1651 540 redea-

194 554 267 601 tis,
292 548 588 591 consideremus
610 546 645 586 si
668 546 798 598 placet
816 547 1036 599 paululum,
1058 546 1149 598 quid
1170 545 1248 586 hoc
1264 546 1344 586 sibi
1368 548 1513 588 dictum
1534 550 1648 601 velit,

192 613 239 646 et
262 611 378 654 quam
395 598 479 639 vim
502 598 550 639 a'd
569 597 696 637 studia
712 606 845 638 nostra
870 598 1039 649 regenda
1057 597 1201 638 habere
1219 598 1358 649 possit.
1409 599 1509 639 Sunt
1531 601 1648 651 igitur

202 698 205 700 ,
227 654 279 703 ui,
299 650 484 705 quoniam
496 649 627 700 ventri
639 650 791 690 servire
808 652 948 690 vivere
961 658 1110 702 putant,
1126 650 1216 689 dum
1232 649 1337 698 vitae
1350 651 1509 691 audiunt
1519 652 1649 694 ventri

192 667 420 749 &scendum
436 713 528 743 esse
548 701 732 753 credant„
745 710 958 755 atqueante
971 702 1103 747 omnia
1123 710 1329 754 quaestum
1346 713 1586 756 aucupentur
1608 714 1652 746 et

191 758 354 800 lucrum.
406 753 522 806 Quos
541 752 701 813 quidem
733 755 839 806 quod
864 754 924 794 rei
950 751 1131 794 familiari
1152 753 1416 806 prospiciunt,
1447 756 1556 808 quod
1583 767 1651 797 ex·

191 810 378 863 cogitant,
404 818 478 859 qua
491 813 643 846 rano‘ne
657 805 734 857 ipsi
751 805 875 846 vitam
889 805 1074 855 tolerent,
1096 817 1148 845 ne
1168 804 1248 849 aliis
1263 807 1377 847 oneri
1401 816 1466 848 aut
1487 807 1565 851 sibi
1583 809 1651 850 de-

190 861 328 904 decori
345 859 444 906 sint,
472 869 594 897 nemo
615 869 731 897 sanus
754 857 1012 911 vituperabit3
1038 858 1111 898 sed
1132 856 1238 909 quod
1260 857 1301 896 in
1321 859 1447 899 literis
1469 860 1649 900 colendis

218 914 309 954 lane
326 909 423 951 nihil
435 908 538 948 aliud
555 916 712 960 praeter
722 917 929 960 quaestum
944 917 1155 955 sectantur,
1174 919 1305 960 neque
1326 910 1447 951 ullum
1469 912 1516 952 ad
1527 912 1652 952 vitam

191 927 362 1006 goneste
383 969 426 1002 et
448 971 539 1000 cum
559 959 747 1011 dignitate
771 959 989 1010 degendam
1014 959 1268 1013 praesidium,
1294 961 1500 1013 solatium,
1531 963 1652 1004 decus

190 1017 285 1057 inde
302 1022 456 1066 petunt,
481 1011 522 1052 id
540 1012 701 1052 demum
721 1009 921 1052 illiberalis
940 1021 1004 1053 est
1022 1011 1140 1053 animi
1163 1020 1206 1052 et
1222 1011 1375 1063 abjecti,
1395 1014 1436 1054 id
1460 1028 1532 1055 eos
1553 1014 1654 1056 infra

189 1068 432 1119 degenerem
451 1064 559 1103 illam
584 1063 838 1103 Romulidum
861 1064 1113 1122 plebeculam
1136 1063 1308 1104 detrudit
1334 1076 1425 1104 cum
1446 1078 1549 1119 pane
1569 1065 1652 1106 Cit-

187 1128 332 1160 censes
346 1112 635 1166 efflagitantem.
689 1114 790 1153 Sunt
807 1114 883 1162 alii,
904 1115 969 1166 qui
986 1114 1046 1154 ita
1064 1114 1104 1153 in
1121 1115 1268 1155 eodem
1283 1127 1497 1170 praecepto
1515 1116 1649 1158 fallan-

190 1179 266 1219 tur,
283 1177 327 1209 ut
339 1167 445 1207 illico
462 1176 503 1207 et
514 1165 644 1206 solum
658 1165 705 1205 ad
713 1177 760 1206 ea
770 1177 930 1206 munera
948 1165 1170 1225 respiciant,
1192 1178 1290 1218 quae
1307 1168 1473 1221 quisque
1487 1169 1528 1208 in
1540 1169 1648 1211 vitae

188 1234 263 1262 usu
277 1219 481 1279 aliquando
498 1217 693 1257 sustinere
712 1216 874 1266 debeat;
893 1226 934 1256 et
946 1218 1114 1269 prolude
1132 1217 1207 1257 hoc
1226 1218 1356 1259 solum
1367 1230 1494 1270 agunt,
1516 1221 1557 1260 in
1571 1221 1649 1261 hoc

187 1269 320 1315 solum
338 1269 579 1318 incumbunt,
603 1277 647 1309 ut
666 1281 781 1322 quam
802 1268 1010 1311 celerrime
1033 1277 1097 1311 aut
1113 1269 1337 1310 concionari
1361 1271 1517 1324 possint
1540 1285 1649 1326 prae-

190 1326 296 1367 clare
311 1333 353 1365 et
366 1324 589 1373 dogmatum
602 1329 811 1373 praecepta
825 1333 895 1361 ore
910 1331 1024 1361 tenus
1038 1322 1243 1362 decantare
1259 1323 1421 1374 aliisque
1439 1324 1648 1373 inculcare,

189 1385 256 1417 aut
270 1376 362 1415 lites
384 1381 562 1420 tractare,
580 1380 644 1411 aut
660 1373 831 1423 denique
849 1372 1012 1412 morbos
1038 1381 1081 1412 et
1098 1373 1263 1412 vulnera
1274 1382 1472 1425 utcunque
1490 1387 1649 1425 curare;

187 1427 333 1476 omnia,
352 1435 450 1478 quae
467 1423 508 1464 in
520 1423 581 1464 his
605 1422 803 1476 angustiis,
823 1423 863 1463 in
878 1423 1017 1477 quibus
1032 1435 1078 1465 se
1093 1424 1336 1475 abdiderunt,
1353 1437 1433 1467 non
1450 1425 1649 1468 includun-

187 1489 263 1530 tur,
285 1490 404 1529 nugas
454 1485 574 1524 urant,
593 1476 719 1525 tricas,
739 1477 1048 1529 quaestiunculas
1061 1477 1118 1517 ad
1133 1478 1321 1517 scientiae
1338 1478 1647 1520 delectationem

188 1543 321 1584 neque
337 1530 385 1569 ad
404 1541 426 1569 e
455 1527 600 1568 iciendi
619 1528 829 1568 utilitatem
850 1527 1043 1568 inventas.
1096 1528 1176 1568 Sed
1193 1527 1374 1586 profecto
1396 1528 1526 1569 bonos
1546 1530 1645 1571 istos

188 1583 298 1624 viros
324 1580 424 1620 haud
441 1579 694 1619 incommode
719 1590 858 1618 eorum
881 1579 1032 1619 similes
1057 1590 1148 1618 esse
1169 1580 1283 1626 dicaS,
1311 1579 1346 1618 si
1368 1580 1434 1632 qui
1453 1580 1551 1630 sint,
1577 1583 1645 1635 qui

189 1645 320 1686 agrum
345 1642 451 1671 arare
476 1639 520 1670 et
541 1641 677 1670 serere
703 1630 794 1668 dum
817 1630 974 1676 nolunt,
998 1628 1144 1669 fructus
1166 1638 1296 1669 tamen
1314 1641 1570 1682 exspectent3
1600 1642 1645 1674 et

188 1684 345 1731 nescire
362 1682 568 1728 videntur,
609 1691 720 1731 quam
745 1691 865 1732 saepe
893 1679 1049 1729 longior
1074 1680 1138 1720 via
1194 1690 1341 1721 raestet
1368 1682 1641 1734 brevissimae,

193 1734 351 1790 quoties
371 1732 554 1773 nimirum
575 1731 696 1771 tutior
715 1738 798 1781 est,
822 1730 977 1784 quoties
995 1743 1154 1773 commo
1184 1732 1264 1783 ior,
1291 1734 1446 1787 quoties
1468 1735 1641 1790 denique

191 1788 279 1828 sola
302 1798 376 1827 nos
398 1797 448 1826 eo
461 1813 473 1834 ,
509 1796 587 1837 quo
614 1783 810 1823 tendimus
822 1811 834 1832 ‚
871 1784 989 1824 ducit.
1067 1784 1173 1836 Quid
1194 1787 1215 1825 *ἓ
1265 1785 1375 1826 Itane
1416 1787 1645 1839 disciplinae

184 1848 279 1879 sunt
290 1850 312 1878 a
321 1849 368 1878 se
380 1837 530 1877 alienae
545 1835 702 1887 etquasi
712 1835 912 1875 divulsae?
930 1834 1154 1876 Commune
1168 1837 1342 1876 omnium
1355 1845 1417 1877 est
1425 1838 1641 1891 vinculum,

189 1898 235 1932 ut
250 1889 369 1948 quiin
382 1887 565 1929 omnibus
574 1886 734 1940 reliquis
747 1886 861 1941 plane
875 1887 927 1928 sit
939 1886 1056 1936 rudis,
1077 1887 1117 1927 in
1127 1900 1200 1929 una
1213 1888 1337 1941 aliqua
1347 1889 1546 1933 excellere
1557 1904 1641 1934 non

189 1941 327 1997 possit.
354 1940 435 1982 Sed
453 1940 529 1981 hoc
543 1939 702 1992 quidem
725 1940 829 1981 inter
843 1952 983 1987 omnes
1001 1939 1268 1991 intelligentes
1287 1941 1395 1981 viros
1411 1952 1576 1994 constat,
1593 1955 1640 1987 ut

189 1994 364 2049 pluribus
382 1991 516 2034 verbis
535 2003 617 2031 non
637 1991 689 2031 sit
708 1991 990 2044 explicandum.
1038 1989 1183 2044 Neque
1203 1993 1369 2039 omnino
1388 2006 1559 2037 necesse
1578 2006 1642 2038 est

190 2046 310 2088 altius
325 2056 411 2087 rem
430 2056 450 2084 a
465 2043 589 2097 stirpe
609 2045 815 2096 repetere,
841 2043 961 2084 modo
982 2041 1183 2085 literarum
1206 2044 1408 2086 historiam
1426 2048 1640 2098 perlustre-

192 2109 294 2150 muS,
305 2108 455 2152 eosque
465 2096 572 2138 viros
590 2096 855 2145 recordemur,
862 2095 929 2148 qui
942 2094 983 2136 in
994 2107 1068 2136 suo
1083 2097 1248 2151 quisque
1261 2108 1409 2149 genere
1421 2099 1639 2153 disciplinas
