1866 2477
231 140 295 174 146
763 151 832 174 ιιι.
857 150 898 174 11.
938 151 1018 175 cu.
1042 149 1150 174 xx1v.

839 227 940 262 Anno
980 227 1078 264 1486.

320 285 484 324 Frideriw,
522 283 686 318 Saxoniae
715 283 813 323 duci,
850 284 967 319 scribit
992 283 1139 325 Celtis,
1177 286 1381 330 comperisse
1413 297 1451 321 se
1481 296 1523 320 ex
1548 285 1686 322 Murrina

228 340 446 381 Mellerstadio,
477 339 677 376 carminibus
700 345 871 385 poetarum
907 351 984 379 eum
1007 351 1209 388 magnopere
1231 342 1396 382 oblectari.
1443 343 1572 379 Laudat
1595 343 1688 380 Prin-

227 401 348 445 cipem.
370 398 457 443 quod
483 397 586 431 armis
609 397 726 432 Musas
751 397 879 443 jungat.
935 399 1028 434 Hine
1054 406 1184 445 sperat,
1221 410 1293 434 rem
1322 411 1391 435 non
1411 400 1626 445 injucundam
1648 412 1686 436 se

226 457 405 494 facturum,
435 454 517 488 dum
541 453 613 499 ejus
628 454 756 490 nomini
779 455 955 492 constituit
977 455 1125 492 libellum
1146 457 1325 508 inscribere
1345 456 1382 492 de
1401 461 1465 492 arte
1481 456 1684 503 vernflcandi;

225 514 280 548 cui
300 513 384 548 haec
405 511 546 557 epistola
566 511 714 557 praefixa
735 516 798 546 est.

833 568 934 605 Anno
970 569 1071 606 1487.

315 622 463 670 Georgia,
497 624 664 661 Saxoniae
686 624 774 661 duci,
797 635 855 670 per
876 626 1006 662 litteras
1037 626 1224 672 significat,
1259 627 1368 662 dicare
1391 636 1430 661 se
1462 626 1534 672 ejus
1555 626 1685 663 nomini

222 682 423 728 opusculum
444 694 559 718 recens
582 689 699 718 natum
730 682 978 728 (Proseuticicm)
1000 690 1040 719 ut
1063 685 1232 719 conscium
1257 695 1335 719 eum
1360 684 1482 719 faceret
1504 684 1690 729 dignitatis.

221 742 263 775 ad
285 751 386 785 quam
409 751 512 785 opera
534 739 691 782 Friderici,
713 743 822 787 patrui
845 741 908 781 sui,
932 742 974 776 ab
998 741 1203 787 Imperatore
1225 741 1325 776 fuerit
1347 747 1490 776 evectus.
1537 741 1690 777 Testatur

221 808 319 832 suum
342 797 378 832 in
399 798 561 843 principes
578 797 746 834 Saxoniae
768 798 928 834 studium.
977 797 1129 834 Tandem
1151 798 1311 839 hortatur,
1335 804 1373 833 ut
1391 795 1567 832 fredsonum
1581 796 1690 843 Rghi·

221 855 348 895 actium,
376 854 551 901 multiplici
581 856 769 891 eruditione
791 855 1043 891 ornatissimum
1068 856 1194 898 fovere,
1224 856 1397 901 colereque
1420 861 1542 901 pergat.
1588 854 1691 892 Com-

219 912 373 958 plectitur
397 914 485 949 hanc
507 913 684 957 epistolam
706 912 906 948 Proseuticum
932 911 1072 947 Celtis.
1667 931 1669 935 ·

313 968 469 1006 Friderico
490 969 590 1006 tertio
609 969 805 1015 Imperatori
829 969 991 1015 supplicat
1018 969 1147 1006 Celti:
1176 980 1238 1016 pro
1262 970 1477 1016 impertienda
1506 970 1569 1007 sibi
1598 971 1690 1007 lauro

221 1028 419 1073 Apollinari.
468 1027 637 1073 spondet.
659 1038 795 1073 operam
820 1038 858 1061 se
880 1027 1054 1065 daturum.
1078 1040 1121 1064 ne
1140 1029 1246 1073 gratia
1268 1034 1404 1074 accepta
1428 1027 1602 1072 indignus,
1628 1035 1690 1063 aut

220 1085 374 1121 beneficii
394 1085 430 1119 in
450 1095 489 1119 se
507 1085 619 1120 collati
638 1095 755 1130 parum
779 1094 909 1119 memor
939 1084 1117 1129 aliquando
1142 1086 1301 1121 videatur.
1347 1085 1423 1120 Hoc
1446 1086 1546 1119 etiam
1558 1073 1691 1128 'episto-

223 1142 293 1177 lion
315 1142 486 1177 adnexum
509 1147 563 1176 est
589 1140 714 1177 Celtis
734 1140 911 1176 Prosmtico.

833 1211 935 1249 Anno
967 1211 1066 1249 1491.

312 1266 440 1316 εἳόαηηί
461 1266 617 1308 Pisnensi,
639 1268 781 1313 Pragam
803 1270 967 1310 scribens,
998 1269 1124 1313 gratias
1147 1267 1218 1311 agit
1241 1276 1302 1311 pro
1324 1267 1412 1302 illius
1430 1267 1466 1302 in
1490 1278 1528 1303 se
1550 1268 1689 1305 meritis.

221 1324 328 1362 Offert
357 1324 466 1361 officia
497 1329 625 1360 mutua.
684 1325 833 1362 Excusat
862 1326 1005 1371 denique
1037 1324 1274 1372 profectionem
1311 1335 1483 1371 properam
1512 1336 1532 1361 e
1548 1309 1691 1372 *civitate

220 1382 401 1428 Pragensi,
434 1381 516 1427 quin
539 1382 742 1418 valedixerit.
1558 1385 1563 1389 ’

313 1439 345 1475 Α
370 1437 499 1488 ὄαεοὶιο
520 1437 669 1484 Argm‘o,
693 1439 837 1485 Pragmsi
849 1466 859 1481 ,
880 1440 923 1474 ad
946 1449 1045 1484 quem
1068 1438 1167 1473 dabat
1188 1438 1335 1479 litteras,
1357 1439 1453 1483 petiit
1476 1438 1703 1477 Atratinum.-

221 1498 268 1533 Ut
291 1508 364 1533 rem
387 1507 526 1535 omnem
547 1502 663 1539 curet,
699 1503 805 1542 rogat.
851 1498 997 1533 Demum
1026 1496 1196 1536 hortatur,
1229 1500 1268 1531 ut
1297 1502 1432 1531 strenue
1461 1495 1630 1533 incumbat
1659 1498 1693 1534 in

221 1555 332 1590 studia
355 1555 553 1590 litterarum.
626 1595 630 1599 ,
882 1546 886 1548 ’
1158 1594 1169 1599 ,ἃ

317 1610 510 1652 cracoviam,
534 1611 577 1647 ad
599 1608 756 1647 Albmum
777 1609 908 1645 Brutum
931 1604 1165 1656 (Bruteuurn)
1187 1608 1486 1650 mathematicum,
1518 1610 1693 1654 epistolam

224 1670 336 1709 misit,
372 1681 439 1705 una
462 1679 540 1703 cum
563 1668 715 1714 Panegyri
745 1669 789 1704 ad
811 1668 913 1703 duces
936 1667 1111 1703 Bavariae.
1172 1667 1350 1707 Precatur‚
1388 1671 1426 1701 ut
1457 1667 1704 1711 suppellectilis.

223 1726 385 1765 librariae,
410 1724 453 1760 ad
476 1735 513 1759 se
535 1725 745 1769 perferendae
768 1725 889 1761 habeat
912 1725 1087 1765 rationem,
1114 1734 1296 1769 curamque
1319 1728 1424 1768 gerat.

312 1794 404 1831 Sixto
425 1793 546 1834 Tudoer,
569 1794 830 1838 Ingolstadiensi,
847 1795 981 1829 Doctori
999 1795 1122 1838 legum,
1145 1791 1325 1829 Ratisbonae
1347 1799 1421 1828 tum
1439 1803 1542 1838 agens
1559 1793 1694 1835 Celtis,

228 1857 265 1887 ut
288 1852 475 1899 conjectura
498 1858 561 1892 est,
588 1850 758 1897 significat
779 1861 838 1896 per
863 1850 1008 1892 litteras,
1032 1862 1069 1886 se
1092 1849 1308 1896 Ingotstadium
1331 1850 1520 1896 petiturum,
1549 1851 1579 1888 si
1601 1852 1694 1889 locus

229 1911 402 1946 vacaverit.

844 1952 943 1991 Anno
972 1952 1070 2002 4⁴92.

305 2014 397 2054 Quae
409 2009 733 2061 ΕῗοαηηίΒοὶἑιιήιαίη,
751 2010 983 2048 Vratislaviensi
996 2011 1176 2054 nuntiavit,
1193 2013 1407 2050 oeconomica
1420 2022 1446 2048 ε’
1462 2018 1515 2054 nt3
1538 2010 1695 2047 attinent-

231 2078 298 2114 que
320 2070 552 2114 suppellectilis
576 2070 621 2104 ad
643 2080 681 2105 se
704 2069 914 2114 perierendae
938 2070 1212 2117 procurationem.
