1866 2477
1596 166 1656 200 145

619 357 666 397 c
701 356 744 397 A
777 355 807 398 ι’
839 346 952 398 UT
1035 328 1230 397 ΠΝ.

441 501 636 540 coNR.
685 499 951 537 CELTIS
997 498 1416 556 EPISTOLAE.

725 620 1129 637 οοοοοοοοοοοοοοοοοοοοοο

209 790 214 794 ¹
289 746 341 783 De
360 744 526 790 methodo,
550 742 651 789 quam
676 743 801 779 Celtis
823 743 926 779 edidit
947 743 989 778 de
1012 741 1257 790 conscribendis
1277 743 1438 787 epistolis,
1465 756 1568 791 supra
1587 732 1659 793 egi.

195 815 283 842 mus.
312 803 430 847 Longe
454 801 613 846 plurimas
637 803 679 837 ab
692 813 733 836 eo
755 813 832 836 esse
855 807 1005 836 exaratas
1019 799 1268 846 epistolas-qui
1287 801 1524 837 commercium
1534 804 1657 843 'habuit

196 872 276 897 curn
305 859 457 894 omnibus
486 859 555 893 fere
585 858 666 893 viris
690 858 797 893 doctis
826 863 935 893 aetate
958 869 1040 898 sua,
1078 857 1179 892 dubio
1202 862 1300 891 caret.
1347 855 1410 905 ffo.
1441 857 1594 895 Dithemii
1611 842 1660 898 *in

197 918 346 968 catalogo
368 916 512 951 virorum
533 913 716 950 illustrium
737 925 778 949 ea
801 915 843 949 de
868 926 903 949 re
937 915 1021 949 haec
1042 914 1141 948 verba
1163 917 1260 946 sunt:
1283 906 1438 956 Epistulas
1461 922 1521 951 tam
1541 918 1585 952 ad
1604 931 1658 961 me,

195 985 282 1020 quam
303 972 346 1008 ad
365 973 441 1007 alios
462 974 567 1006 multos
589 971 818 1018 elegantissimas
838 976 928 1005 metro
950 976 977 1004 et
994 981 1087 1014 prosa
1106 968 1205 1003 edidit.
1229 968 1338 1003 Facile
1361 970 1536 1015 largimur,
1559 987 1659 1011 voca.

194 1032 309 1079 bulum
336 1027 427 1064 edidit
455 1028 571 1064 latiore
602 1028 791 1072 significatu
817 1028 874 1070 hic
902 1027 1010 1073 accipi
1034 1031 1203 1072 oportere;
1239 1024 1304 1067 ita,
1335 1032 1375 1061 ut
1398 1029 1484 1072 nihil
1506 1031 1660 1077 designet

194 1088 293 1129 uliud,
315 1097 419 1132 quam
443 1086 583 1131 scripsit,
610 1086 663 1120 vel
687 1086 732 1120 ad
748 1085 878 1120 amicos
901 1086 1008 1120 dedit:
1030 1084 1060 1119 si
1080 1084 1214 1131 quidem
1229 1090 1388 1132 'apertum
1410 1086 1465 1129 sit,
1488 1098 1541 1123 an.
1560 1078 1657 1131 1495,

192 1156 259 1191 quo
287 1142 439 1178 Trithemii
459 1143 513 1178 ille
535 1143 705 1185 catalogus
729 1141 899 1176 confectus
920 1148 984 1188 est,
1005 1141 1157 1185 syllogen
1183 1139 1335 1175 Celtica
1343 1153 1424 1176 rum
1441 1145 1658 1188 epistolarum

194 1202 285 1248 typis
308 1210 466 1235 excusam
504 1211 572 1233 non
594 1198 839 1242 comparuisse;
869 1208 1061 1242 quanquam
1096 1199 1284 1241 negandum
1315 1210 1383 1234 non
1406 1201 1466 1239 sit,
1497 1201 1655 1240 habuisse

197 1258 337 1302 Cenem
358 1256 394 1291 iu
415 1256 545 1292 animo.
575 1266 635 1290 suo
658 1260 809 1300 tempore
832 1254 1020 1290 istiusmodi
1041 1253 1269 1290 collectionem
1293 1256 1328 1290 in
1351 1257 1460 1292 lucem
1483 1259 1651 1303 publicam

189 1315 343 1363 proferre.
388 1313 574 1349 Dolendum
597 1322 676 1347 vero
697 1319 760 1353 est,
783 1312 864 1347 dum
886 1317 958 1347 erat
980 1312 1015 1347 in
1032 1311 1123 1347 vivis
1143 1313 1321 1357 superstes.
1347 1313 1381 1347 id
1404 1316 1492 1359 quod
1506 1310 1654 1352 destina·

192 1379 302 1413 verat,
325 1383 393 1407 non
415 1371 638 1416 praestitisse3
671 1380 712 1404 ac
735 1375 810 1414 post
832 1370 917 1405 illius
942 1370 1089 1408 obitum,
1112 1376 1161 1405 ‘ut
1180 1370 1252 1404 fieri
1272 1371 1373 1411 solet,
1405 1372 1582 1408 hominum
1605 1375 1655 1409 in-

189 1430 288 1477 iuria,
313 1429 552 1483 ignorantiave.
575 1432 632 1463 aut
647 1432 833 1471 temporum
852 1425 979 1472 injuria,
1000 1424 1179 1462 litteraria's
1191 1427 1294 1462 hasce
1309 1427 1468 1473 reliquias
1482 1430 1655 1467 interiisse.

286 1522 340 1558 Ex
367 1521 514 1567 epistolis
545 1520 695 1565 plurimis
728 1529 810 1564 quas
840 1530 860 1554 e
889 1518 1061 1564 naufragio
1090 1531 1148 1554 sex
1175 1520 1269 1556 nobis
1297 1519 1444 1555 servavit
1481 1520 1661 1568 mophim

191 1574 325 1616 sinceris
348 1589 379 1623 p.
394 1587 458 1622 351
486 1588 555 1622 seq.
579 1578 615 1612 T.
634 1577 685 1612 [ΙΙ.
705 1577 789 1612 Bibl.
808 1576 886 1611 hist.
905 1577 975 1611 crit.
1012 1588 1099 1611 unam
1119 1577 1293 1612 vernaculo
1316 1587 1467 1613 sermone
1491 1581 1651 1626 scriptam
1678 1568 1682 1570 ’

192 1637 234 1673 ad
258 1632 420 1671 Sendtum
444 1632 714 1678 Norimbergemem
736 1643 842 1677 nuper
863 1634 1046 1677 publicavit
1066 1631 1214 1667 Munius.
1261 1634 1332 1668 Nos
1354 1640 1394 1669 ut
1414 1642 1543 1671 tantam
1561 1637 1652 1673 Celti-

190 1690 290 1727 coiriam
311 1691 522 1735 epistolarum
542 1690 715 1734 jacturam,
740 1695 901 1732 quantum
922 1689 957 1722 in
979 1689 1074 1723 nobis
1093 1694 1153 1730 est,
1178 1689 1288 1734 aliqua
1309 1692 1436 1726 ratione
1456 1694 1647 1737 sarciamus,

187 1747 380 1792 collegimus
403 1757 422 1781 e
445 1757 526 1781 msc.
551 1746 661 1780 codice
684 1744 900 1790 epistolarum
923 1745 965 1780 ad
990 1744 1150 1786 Cenem,
1181 1753 1217 1782 et
1239 1748 1441 1789 amicorum,
1467 1751 1649 1787 sodalium-

191 1815 256 1850 que
279 1803 511 1849 responsoriis,
542 1803 583 1837 ad
606 1812 703 1847 quos,
728 1813 794 1847 quo
817 1808 983 1847 tempore,
1006 1810 1064 1838 aut
1087 1804 1206 1851 quibus
1227 1806 1269 1840 de
1292 1807 1389 1841 rebus
1415 1805 1543 1841 Celtis
1556 1819 1647 1846 ,suas

192 1861 347 1908 epistolas
370 1860 560 1912 scripserin-
585 1860 668 1895 dum
688 1859 787 1895 amici
816 1866 853 1894 et
868 1861 1014 1901 sodales,
1038 1860 1274 1910 Celltt'carum
1304 1863 1518 1907 epistolarum
1549 1852 1662 1913 saepe>

191 1918 403 1965 repetiverint
426 1923 670 1962 argumentum.
717 1916 960 1954 Constituimus
985 1918 1096 1964 itaque
1119 1919 1252 1954 easdem
1273 1920 1461 1955 secundum
1484 1932 1649 1960 annorum

192 1976 312 2011 seriem
335 1975 476 2010 breviter
499 1974 562 2008 hoc
584 1974 658 2009 loco
681 1985 860 2010 recensere.
908 1975 1031 2021 Neque*
1040 1976 1338 2021 praetermittemus
1362 1976 1448 2014 illas,
1476 1990 1561 2023 quas
1580 1983 1650 2017 sive

193 2033 229 2068 in
255 2031 378 2068 Ce‘ltis
401 2031 587 2077 opusculis,
611 2031 684 2066 sive
706 2032 793 2077 apud
812 2032 895 2068 alios
917 2034 1097 2080 reperimus
1117 2027 1283 2079 integrm
1315 2034 1432 2070 eadem-
1457 2036 1651 2083 integritate

194 2100 250 2125 eas
272 2090 429 2127 reddituri
452 2090 486 2125 in
511 2087 692 2135 Appendice.
759 2101 762 2104 ·

1333 2152 1376 2184 21
