1866 2477
208 156 271 190 156
737 162 808 186 mn.
835 162 877 185 n.
913 162 993 185 cu.
1013 161 1120 186 xxov.

297 248 413 282 Petrum
439 242 602 277 Trioenimn
624 242 771 286 rogavit,
801 247 840 276 ut
861 239 1035 277 Athesinam
1057 241 1179 279 vanem
1196 241 1414 285 describerem
1443 244 1578 289 ejusque
1601 248 1659 282 de-

207 305 415 349 scriptionem
436 305 569 334 curaret
591 299 633 334 ad
657 309 694 333 se
716 297 864 343 perferri.

291 379 441 418 Bolmslao
462 377 497 412 dae
514 377 705 413 Hassnutein
728 376 823 413 offert
845 389 909 413 sua
932 377 1064 418 studia,
1088 385 1344 425 promptumque
1365 378 1564 425 obsequendi
1582 380 1659 415 ani·
1686 388 1688 391 ·

203 450 305 476 mum.
351 435 539 476 promittit,
570 447 608 471 se
630 446 708 472 cum
731 435 841 481 aliquo
862 435 1102 472 mathematico
1129 437 1175 472 ad
1196 437 1308 483 ipsum
1330 447 1404 473 esse
1426 443 1613 473 venturum.

827 532 929 569 Anno
955 534 1054 570 1502.

291 613 480 651 Matthaeum
502 612 656 660 Langium
686 613 857 659 implorat,
897 619 934 650 ut
965 625 1029 650 suo
1057 614 1247 650 interventu
1284 613 1372 660 apud
1394 613 1572 651 Caesarem
1593 614 1657 651 im·

200 679 309 719 petret
327 673 493 718 pecunias,
517 671 637 715 quibus
660 677 853 725 opusxesset
879 670 922 705 ad
936 670 1090 707 ferendos
1109 676 1273 716 sumptus,
1297 672 1354 716 qui
1368 672 1549 707 collocandi
1565 677 1658 707 erant

202 732 237 765 in
261 728 491 775 imprimendis
514 727 563 764 lv
586 727 752 763 Amorum
776 726 875 762 libris.

292 791 419 845 Sebatdo
445 807 581 843 Clamoso
602 807 796 854 respondet,
818 817 857 842 se
880 807 1065 853 pariturum
1086 807 1158 853 ejus
1184 807 1337 847 monitis,
1366 813 1469 853 atque
1492 807 1659 843 editurum

200 879 261 904 sua
284 865 453 913 opuscula.

293 937 325 972 A
347 934 476 984 ,Joanne
497 932 623 981 „Jacobo
650 944 670 967 a
701 933 793 969 Cruce
821 934 1006 970 Mutinensi
1039 933 1152 978 petiit,
1186 939 1224 968 ut
1257 932 1416 978 Anagniae
1445 935 1568 971 vallem
1597 936 1660 972 sibi

187 994 402 1037 descriptam
424 991 582 1026 mitteret.

297 1070 565 1136 &baldo,lAbbati
573 1071 605 1105 in
612 1068 785 1111 Ibilbmno,
793 1071 957 1105 orationes
970 1070 1071 1106 misit.
1086 1074 1121 1105 et
1131 1069 1291 1114 opuscula
1301 1069 1375 1109 alia,
1389 1070 1551 1114 publicata
1563 1072 1661 1117 typis.

290 1159 417 1208 Joarmi
425 1159 665 1204 Aesticampiano
677 1159 895 1204 Oppenhemii
909 1158 1082 1204 proposuit
1091 1155 1234 1205 „Joannes
1243 1157 1433 1205 Dalburgius
1445 1162 1661 1200 conditiones.

201 1228 286 1263 quas
306 1216 433 1253 Celtis
452 1218 496 1253 ad
506 1217 707 1263 Episcopum
730 1217 968 1263 perscipserat3
991 1222 1029 1251 ut
1048 1216 1240 1261 persuaderi
1255 1215 1511 1264 Aesticampiams
1533 1227 1659 1266 posset,

203 1282 238 1311 et
259 1275 380 1313 adduci
396 1277 440 1312 ad
459 1286 581 1319 munus
604 1275 842 1321 professorium
865 1273 1074 1320 Heidelbergae
1096 1274 1295 1311 obeundum.

809 1380 909 1416 Anno
937 1383 1036 1416 1503.

289 1457 417 1507 Joanm‘
433 1458 595 1499 Wernero,
623 1458 760 1493 Werdae
780 1469 882 1502 prope
895 1457 1123 1503 Norimbergam
1143 1469 1201 1503 per
1217 1457 1375 1493 Sebatdum
1391 1457 1558 1495 ctamosum
1577 1472 1661 1497 nun-

202 1516 298 1552 tiavit
316 1515 460 1555 Celtis,
490 1516 548 1560 agi
568 1514 700 1551 Viennae
722 1517 765 1551 de
788 1515 1018 1550 constituendo
1041 1515 1223 1559 professore
1245 1515 1376 1560 ling-uae
1396 1517 1557 1552 Graecae:
1598 1518 1659 1554 sibi

200 1573 273 1609 fore
297 1572 562 1619 optatissimum,
587 1572 622 1607 id
645 1573 793 1608 muneris
816 1572 909 1607 adire
935 1569 1093 1606 Wemems
1112 1571 1143 1607 si
1165 1571 1272 1607 vellet.

294 1642 422 1680 Sebatdo
437 1641 576 1678 Clamoso
598 1644 731 1697 nuntiat
747 1643 875 1680 obitum
888 1641 1029 1691 Joannis
1039 1640 1219 1688 Dalburgii3
1242 1654 1281 1678 ac
1298 1648 1469 1689 propterea
1488 1654 1525 1679 se
1539 1645 1665 1680 versari

205 1712 337 1737 summo
360 1702 396 1735 in
419 1711 573 1736 moerore
580 1712 591 1744 ς
625 1708 729 1746 atque
759 1701 906 1747 indigere
936 1701 1068 1736 solatio.
1121 1700 1273 1741 Quaerit,
1306 1701 1365 1737 ubi
1393 1706 1555 1737 terrarum
1585 1707 1663 1746 agat

199 1756 343 1805 Jacobus
365 1757 543 1792 Lateranus.

293 1828 378 1864 Aldo
400 1828 545 1863 Munatio
569 1827 786 1872 significavit,
818 1828 1049 1863 demandatam
1080 1827 1141 1863 sibi
1170 1838 1246 1863 esse
1275 1827 1511 1873 praefecturam
1533 1815 1662 1874 collegii

203 1892 393 1931 poetarum
432 1895 696 1931 concessamque
726 1885 915 1921 facultatem
946 1884 1124 1921 coronandi
1151 1891 1277 1931 poetas.
1324 1884 1443 1926 petiit,
1472 1891 1512 1922 ut
1533 1886 1662 1922 Graece

206 1943 339 1979 doctum
362 1955 405 1979 ex
424 1944 519 1979 Italia
545 1942 753 1979 Vindobonam
776 1943 935 1985 mitteret,
963 1945 1021 1989 qui
1039 1945 1187 1980 Graecas
1209 1943 1254 1979 ibi
1275 1943 1402 1980 litteras
1424 1943 1640 1989 profiteretur.

296 2023 455 2060 Bitibatdo
476 2024 689 2063 Pirckloeimero
712 2025 842 2066 scribit,
877 2025 1024 2070 graviter
1057 2037 1094 2061 se
1117 2025 1204 2061 ferre
1225 2030 1370 2061 mortem
1392 2025 1496 2060 trium
1524 2022 1666 2059 clarissi-

205 2089 340 2115 morum
360 2082 526 2124 virorum,
549 2081 689 2130 ,Joannis
702 2081 886 2128 Dalburgii,
920 2081 1055 2128 Adolphi
1072 2081 1205 2126 occonis,
1228 2089 1265 2120 et
1286 2080 1375 2130 Jann·
1394 2078 1533 2125 Tolopbss
1564 2079 1662 2125 petie-
