1866 2477
748 175 878 201 etz-1¹1⁸
902 172 1113 201 unsrun:-
1602 168 1663 205 147

293 255 417 306 Jmm
445 256 613 304 Telephum,
638 257 913 304 Ratisponensem
935 256 1151 297 canonicum,
1175 255 1347 292 certiorem
1365 255 1452 305 ‘facit
1475 256 1518 293 de
1540 255 1664 295 Nurim-

203 314 309 363 ἕπεο,
339 326 358 351 a
382 326 420 351 se
442 315 614 362 descripta.

292 371 481 420 &gimundo
496 372 620 414 Fusilio,
644 372 757 408 Romae
776 378 851 408 tum
873 372 985 417 agenti
1006 371 1111 408 mittit
1133 372 1289 413 earmina,
1313 382 1381 408 una
1402 382 1481 407 cum
1504 373 1664 415 oratione,

200 440 303 476 quam
318 430 383 466 illo
406 442 496 466 anno
517 429 696 475 Ingotstadii
740 430 954 469 recitaverat,
982 429 1064 465 dum
1087 429 1208 464 ibidem
1231 429 1348 464 docere
1370 429 1479 474 coepit.

290 482 437 537 Michaeti
457 498 766 545 Styrio,'Viennam
788 500 954 542 carmina,
985 500 1114 545 aliaque
1135 498 1331 536 munuscula
1351 500 1460 545 misit;
1496 501 1665 539 laudavit-

199 570 265 604 que
286 570 365 594 eum
387 569 408 593 a
426 557 558 591 cultura
580 556 774 592 litterarum.

297 625 472 663 Theoderico
500 623 630 667 Ulsmio,
653 625 784 662 medico
809 624 1052 672 Norimbergensi
1074 627 1284 662 commendat
1306 627 1448 663 militem
1470 628 1663 669 litteratum,

201 686 316 721 morbo
336 682 494 720 chronico
517 683 734 720 laborantem.
779 685 830 720 De
848 695 895 726 se,
919 691 954 721 et
977 684 1199 730 aegritudine,
1234 696 1378 730 quacum
1403 686 1474 732 ipse
1497 685 1664 722 conflicta-

201 743 314 782 batur,
343 741 465 787 pariter
487 741 662 792 consilium
686 741 778 786 petit.

289 813 328 848 In
343 811 485 858 epistola
506 810 815 853 adMaximilianum,
839 812 1068 847 Romanorum
1083 812 1223 857 Regem,
1246 814 1347 853 dolet,
1371 814 1540 849 neminem
1561 815 1664 851 fuisse

198 871 358 906 hactenus
380 880 423 904 ex
445 870 636 910 Germanis,
670 870 727 914 qui
753 880 807 905 res
837 870 880 905 ab
902 880 943 904 eo
972 870 1118 911 fortiter,
1153 870 1379 915 praeclareque
1406 878 1520 916 gesms
1543 872 1661 908 litteris

197 927 377 963 mandavit.
423 926 586 962 Praedicit
607 926 717 961 Musis
738 925 885 961 feliciora
906 932 1065 971 tempora,
1088 933 1184 961 tanto
1208 927 1369 971 Principe.
1416 929 1539 964 Reddit
1560 930 1662 965 ratio-

200 994 295 1025 nem,
319 994 386 1029 qua
408 983 579 1024 inductus,
601 981 761 1029 Epitomen
779 981 950 1019 Rhetorica
973 983 1156 1028 collegerit,
1190 982 1406 1019 Maximitiano
1428 995 1663 1033 nuncupatam.

192 1042 391 1078 ‘Praemissa
409 1037 495 1076 haec
518 1047 569 1077 est
590 1041 729 1087 epistola
751 1040 842 1076 dicto
866 1039 1042 1086 Epitomati.

807 1121 906 1155 Anno
943 1119 1040 1155 1493.

285 1174 550 1226 θὀοηηίὉοιΙιϊὶ,
573 1178 718 1213 senatori
740 1174 981 1220 Norimbergmi
1005 1175 1121 1221 objicit
1143 1176 1337 1211 diuturnum
1360 1178 1548 1215 litterarum
1561 1182 1659 1217 silen-

197 1236 291 1271 tium.
337 1235 500 1281 Adjunxit
522 1246 650 1280 poema.
696 1236 829 1274 Monet,
861 1238 900 1268 ut
922 1244 965 1267 ne
988 1234 1162 1277 epistolam
1183 1232 1310 1268 Kolbero
1334 1236 1499 1272 exhibeat.

287 1305 467 1350 fferonymo
489 1303 525 1338 de
542 1303 683 1345 Croaria,
715 1304 831 1348 legum
845 1302 981 1337 Doctori
1001 1301 1197 1347 Ingotstadii,
1223 1306 1435 1339 commendat
1456 1316 1515 1350 per
1533 1308 1659 1351 episto·

196 1367 263 1401 lam
285 1365 481 1410 magistrum
507 1361 658 1397 Andrean»
680 1358 841 1397 Stibon'um
871 1360 1165 1404 mathematicum3
1197 1367 1371 1407 optatque,
1403 1370 1442 1398 ut
1465 1366 1656 1400 succederet

195 1420 319 1469 Joanni
337 1419 450 1457 Stabiu.

287 1477 513 1514 Bar-tholomaeo
534 1476 643 1517 Steber,
674 1474 861 1512 Viennensi
890 1474 1020 1510 medico
1045 1475 1197 1516 nuntiat,
1234 1487 1271 1511 se
1294 1475 1365 1521 jam
1395 1488 1533 1512 munere
1568 1490 1657 1524 prae·

199 1536 349 1581 ceptorio
371 1536 466 1581 fungi
488 1535 680 1581 Ratisponae.
727 1532 886 1574 Quaerit,
920 1542 964 1567 an
987 1532 1050 1568 sibi
1072 1533 1151 1578 quid
1173 1534 1243 1578 spei
1267 1533 1313 1568 sit
1336 1533 1494 1568 Vtmnae?

285 1605 383 1653 Apud
403 1604 523 1640 Petrum
541 1603 719 1644 Dumium,
741 1601 1012 1647 Norimbergmrem
1034 1603 1186 1646 queritur
1208 1603 1250 1637 de
1274 1602 1443 1644 molestia,
1469 1616 1571 1650 quam
1591 1608 1654 1644 sibi

116 1664 118 1667 ’
192 1662 371 1697 faaesseret
393 1660 504 1696 vetula
527 1660 690 1704 quaedam
711 1658 974 1704 Norimbergmis‚
997 1659 1083 1693 aeris
1105 1658 1204 1692 alieni
1226 1670 1335 1694 causa.

285 1730 462 1777 Anonymo
474 1728 713 1775 Norimbergemi
731 1729 825 1765 misit
846 1729 1009 1772 carmina;
1034 1729 1209 1764 admiscuit
1225 1729 1385 1775 epistolae
1397 1730 1490 1776 jocos
1505 1738 1539 1767 et
1555 1733 1650 1769 sales.

193 1788 353 1834 Adiunxit
368 1788 532 1829 chartam,
557 1788 747 1823 tradendam
769 1786 900 1832 pictori,
924 1792 974 1825 ut,
998 1788 1089 1830 quod
1110 1787 1333 1833 praescripsit,
1356 1787 1544 1823 delinearet.

283 1859 418 1895 Litteris
440 1860 481 1895 ad
496 1857 651 1908 ζ,ῗοοηηιφη
669 1855 813 1894 Graecum
826 1857 968 1899 Pieriam,
992 1856 1144 1894 Lincium
1159 1859 1254 1898 datis,
1277 1858 1424 1899 scitatur,
1448 1869 1492 1893 an
1508 1860 1653 1910 codices

193 1926 276 1961 quos
300 1922 499 1962 expectatae
525 1917 568 1952 ad
593 1926 672 1951 eum
694 1927 762 1951 non
784 1915 1003 1962 pervenerint.

177 2026 181 2029 ,
287 1985 417 2022 Celtis
438 1998 598 2023 cumsan-
616 1986 702 2023 1493
735 1987 859 2024 diutius
882 1993 1048 2024 teneretur
1069 1985 1301 2031 Norimbergae,
1333 1986 1487 2032 frequens
1519 1988 1654 2034 scripsit

191 2033 382 2091 Βοὴψοηοηι
405 2045 447 2080 ad
468 2038 592 2094 Janum
620 2043 797 2090 Tolophum
818 2045 911 2081 velut
934 2044 1099 2090 colligitur
1120 2054 1164 2078 ex
1194 2042 1315 2089 mophi
1338 2040 1562 2087 consessione,
1588 2058 1652 2091 qua

190 2103 278 2139 dicto
301 2114 387 2139 anno
418 2114 520 2140 suum
541 2102 710 2140 silentium
739 2104 933 2141 excusavit·
978 2101 1050 2139 Non
1077 2102 1213 2143 mirer-is,
1253 2102 1380 2148 inquit.
1415 2101 1496 2148 quod
1522 2102 1653 2149 plur-ihm

1254 2172 1295 2198 21
1313 2161 1333 2184 '⁵
