1866 2477
498 146 619 174 OPERA
644 144 868 175 unwanum,
897 143 1110 175 menenius
1131 139 1332 169 PROMISSA·
1569 136 1631 177 163

494 229 535 275 6)
581 226 834 275 Mytlmlo-gia
864 225 909 260 de
929 222 1082 266 Phoebo
1107 229 1143 260 et
1164 225 1306 261 Marte.

270 310 491 358 Mythologici
514 309 619 356 hujus
637 308 783 355 opusculi
798 305 934 342 'Celtis
951 305 1156 341 mentionem
1176 307 1255 343 facit
1284 308 1318 343 in
1340 308 1480 353 epistola
1505 317 1632 343 nuncu-

174 368 304 415 patoria
329 367 457 414 Apuleio
478 368 522 402 de
537 368 687 407 mundo,
711 376 810 410 quem
830 364 941 404 edidit,
965 363 1154 408 praemissa.
1199 366 1363 411 Spondet,
1395 376 1471 401 esse
1494 376 1532 400 se
1553 375 1630 408 eam

176 426 441 462 lucubrationem
470 423 506 458 de
527 422 643 459 Phoebo
664 428 692 457 et
711 422 815 458 Marte
845 421 936 466 typis
962 420 1198 466 vulgaturum,
1242 423 1322 458 dum
1351 423 1498 460 laborem
1528 432 1629 458 suum

178 483 315 528 probari,
339 481 499 527 hilarique
522 481 631 516 fronte
651 480 761 524 excipi
782 477 990 513 intellexerit

427 576 466 618 7)
513 574 571 611 De
592 574 803 611 Platonica
830 574 1031 619 majestate
1059 578 1095 610 et
1121 572 1372 610 sublimitate.

268 657 305 692 In
328 657 454 698 eadem,
478 657 520 692 ad
538 668 639 705 quam
660 668 742 692 mox
759 655 1024 702 provocavimus,
1048 654 1185 701 epistola
1207 655 1418 696 dedicatoria,
1442 654 1632 699 iisdemque

172 714 437 755 conditionibus,
475 715 647 760 pollicetur
671 713 795 749 Celtis
830 724 870 748 se
891 712 958 749 luci
979 723 1053 748 esse
1076 713 1303 758 expositurum
1327 711 1450 759 Aputeji
1473 710 1566 746 libros
1593 711 1629 746 de

174 770 329 806 Ratonica
350 773 496 816 majestate
525 777 553 806 et
573 770 758 807 sublimitate.
804 772 891 806 Cum
921 771 956 806 in
977 769 1088 815 Apulei
1110 771 1260 816 operibus
1291 771 1421 806 nullum
1442 770 1505 811 sit,
1539 770 1628 815 quod

179 828 268 864 hunc
290 828 423 863 titulum
447 829 624 873 praeferat:
646 824 868 864 aibitmndum
891 833 954 868 est,
976 828 1168 872 promisisse
1185 827 1326 862 Celtem
1346 833 1502 871 excerpta
1525 838 1629 871 quae·

175 882 267 930 piam
289 885 473 930 fragmenta
504 897 546 920 ex
568 886 687 931 Apuleji
710 896 807 930 opere
835 884 871 919 de
892 883 1058 919 habimdine
1079 883 1276 919 doctrinarum
1296 885 1431 920 Platonis
1448 883 1630 930 philosophi,-

169 942 264 988 quod:
294 942 441 989 pluribus
476 948 608 978 constat
646 942 813 987 opusculis
826 965 837 982 ,
884 951 970 988 quae
1006 941 1110 985 vulgo
1132 941 1370 978 inscribuntur
1401 941 1453 976 De
1479 941 1630 987 Dogmate

417 1088 459 1135 8)
508 1089 709 1124 Certamen
731 1092 837 1131 auri,
864 1095 900 1124 et
920 1090 1064 1133 Priapi
1091 1089 1135 1123 de
1154 1090 1376 1124 eminentia.

265 1185 469 1223 Promiserat
489 1184 592 1220 Celti
597 1196 613 1219 s
635 1185 829 1222 istiusmodi
849 1185 1110 1222 lucubrationem
1134 1183 1298 1229 poeticam
1315 1182 1485 1230 Augustino
1504 1184 1628 1223 olma-

168 1244 265 1285 cum‘,
286 1244 343 1289 qui
365 1254 423 1289 per
445 1244 573 1278 litteras
589 1254 648 1277 an.
669 1242 757 1276 1504
780 1241 919 1278 Celtem
941 1243 1088 1283 monuit,
1119 1242 1221 1277 fidem
1245 1243 1359 1278 datam
1380 1249 1417 1279 ut
1438 1245 1603 1281 liberaret.

215 1336 224 1338 -
260 1392 265 1396 ,
327 1346 368 1394 9)
414 1348 657 1393 Panegyrici
683 1347 737 1383 ad
755 1348 1083 1384 Maximitianum
1117 1346 1172 1383 II.
1194 1353 1221 1382 et
1241 1345 1322 1384 III.
1346 1347 1455 1383 Pars.

262 1428 426 1467 Secundam
446 1430 549 1476 hujus
572 1430 750 1477 Panegyrica‘
772 1438 898 1477 partem
921 1426 1145 1477 spoponderat
1169 1429 1311 1471 Celtis,
1341 1441 1378 1465 se
1400 1430 1622 1476 praefixurum

174 1487 438 1532 odarum>1ibris3
478 1495 603 1534 partem
626 1495 740 1524 autem
761 1492 877 1525 tertiam
903 1490 998 1525 libris
1018 1489 1296 1535 Epigrammatum
1329 1498 1411 1531 quos
1442 1488 1625 1524 emissurus

169 1550 258 1580 esset
277 1545 311 1579 in
333 1545 441 1579 lucem
448 1556 458 1587 3
491 1546 584 1580 velut
605 1551 738 1581 constat
763 1557 806 1581 ex
829 1546 1027 1591 Panegyrici
1049 1552 1143 1590 parte
1162 1546 1277 1590 pirna,
1307 1554 1395 1588 quae
1417 1545 1550 1590 praevia
1572 1549 1624 1581 est

165 1599 256 1638 fibris
278 1600 452 1636 Amorum.
1612 1603 1614 1605 '

229 1693 289 1742 10)
335 1694 484 1742 Stirpis
504 1693 819 1741 Habsburgica-e,
850 1702 886 1732 et
903 1686 1190 1732 maximiliani
1212 1695 1240 1731 L
1265 1695 1360 1742 Imp.
1378 1695 1558 1732 historia.

260 1776 402 1819 Celtis,
429 1785 468 1814 ut
491 1784 563 1813 erat
582 1780 617 1814 in
641 1779 860 1824 promittendo
884 1773 1044 1821 liberalis,
1069 1792 1106 1815 se
1129 1781 1392 1825 conscripturum
1412 1781 1625 1817 annuntiavit

167 1832 518 1882 DamasHabsburgicne
540 1841 567 1871 et
580 1835 790 1876 Maximiliani
810 1836 984 1881 originem
1008 1843 1110 1881 atque
1135 1837 1274 1872 maximi
1294 1836 1390 1881 hujus
1409 1837 1623 1882 Imperatoris

168 1903 223 1929 res
254 1899 383 1938 gestas:
417 1896 516 1929 modo
553 1894 759 1940 adjuvaretur
792 1894 893 1929 unitis
932 1896 1092 1931 sodalium
1124 1895 1352 1930 litterariamm
1386 1895 1523 1931 studiis:
1553 1908 1625 1933 rem

168 1960 314 1995 namque
342 1950 442 1985 istam
471 1951 676 1996 graviorem·
698 1963 771 1986 esse
802 1951 944 1988 fatetur,
983 1963 1082 1996 quam
1113 1959 1152 1986 ut
1181 1952 1281 1986 unius
1314 1953 1464 1996 ingenio,
1502 1954 1624 1996 labore,

165 2007 467 2059 industriae-rite
503 2009 611 2054 possit
634 2009 764 2047 confici.
823 2009 903 2046 Huc
943 2009 1085 2055 pertinet
1120 2007 1240 2043 Celtis
1266 2020 1401 2044 oexmen
1435 2010 1625 2056 elegiacum

168 2062 365 2116 adiunctum
387 2065 457 2118 ejus
480 2065 687 2111 Rhapsodiae‚·
709 2066 796 2102 unde
816 2066 879 2102 has
901 2066 1080 2118 versiculos
1103 2066 1300 2119 delibamus:

1052 2125 1055 2128 .
1363 2135 1407 2169 23
1419 2123 1441 2146 ἢ(
