1866 2477
568 71 582 89 Ο

200 174 447 207 exornarunt.
484 163 630 215 Ecquis
646 173 783 202 eorum
806 161 844 199 in
861 159 1028 218 augustis
1047 160 1160 199 unius
1185 159 1446 213 professionis
1464 166 1650 208 cancellis

201 218 328 258 haesit
340 220 358 256 ἓ
385 216 471 256 Jmo
486 226 604 253 nemo
615 224 690 263 unq
697 223 780 250 uam
791 221 969 261 egreglus
985 220 1049 250 aut
1064 210 1272 262 theologus
1281 213 1433 253 exstitit
1444 214 1532 256 sine
1543 229 1652 258 accu-

202 264 283 309 rata
296 269 506 317 linguarum
522 272 564 303 et
574 263 701 302 omnis
717 262 951 314 antiquitatis
964 262 1190 313 intellectu3
1219 274 1342 304 nemo
1349 263 1652 315 jurisconsultus

201 322 286 361 sine
299 315 500 368 multiplici
512 314 684 354 doctrina
697 322 739 353 et
752 313 892 364 insigni
909 312 992 372 ejus
1007 314 1144 368 populi
1155 315 1380 366 cognitione
1396 317 1648 370 reipublicae,

139 383 142 385 ’
197 371 475 414 institutorum,
490 366 658 416 linguae,
677 377 698 404 a
710 376 788 417 quo
804 364 1053 418 potiss1mnm
1071 364 1170 417 juris
1185 367 1287 407 ratio·
1305 367 1352 407 ad
1369 369 1656 419 magnamreli-

201 433 361 475 quorum
384 417 619 470 populorum
641 425 792 468 partem
814 417 1011 467 manavit3
1047 429 1169 458 nemo
1192 418 1365 470 medicus
1388 420 1477 460 sine
1494 419 1656 468 strenua

199 482 352 514 naturae
376 478 418 509 et
443 468 594 510 assidua
619 468 935 519 investigatione.
1621 479 1624 482 ⁴

299 525 419 562 Atne
433 521 461 560 ii
473 520 648 573 quidem,
668 520 734 572 qui
748 518 823 559 hoc
841 520 1121 569 intellexerint,
1134 521 1211 567 etsi
1222 522 1385 562 multum
1399 522 1497 563 ultra
1508 522 1650 573 vulgus
1686 554 1691 557 .

196 575 361 627 sapiunt,
385 583 509 613 totam
527 572 731 625 praecepti
750 571 853 611 illius
874 572 956 612 vim
980 572 1092 625 plane
1115 573 1283 614 assecuti
1302 585 1391 614 esse
1404 573 1651 623 videbuntur,

194 627 269 667 nisi
283 626 385 666 aliud
406 624 590 677 quiddam
612 623 833 664 accesserit.
866 622 967 664 Nam
988 625 1196 670 cumhvitae
1218 626 1444 666 discendum
1461 634 1551 668 esse
1564 626 1659 667 dici-

196 691 297 727 mus,
323 678 463 730 procul
490 675 611 717 dnbio
633 676 755 716 vitam
773 675 975 716 humanam
1003 676 1180 716 dicimus.
1232 676 1319 727 Jam
1340 689 1439 717 vero
1459 678 1540 719 vita
1556 681 1655 719 vere'

195 731 359 771 humana
382 741 456 788 qua
476 740 521 769 re
539 727 793 767 continetur?
827 725 984 786 Nempe
1005 727 1169 775 ratione,
1194 739 1269 787 qua
1291 728 1461 769 maxime
1474 729 1658 779 homines

195 794 351 831 sumuS,
372 793 457 833 ejus
487 792 539 820 ue
558 788 669 820 recto
695 787 737 819 et
755 787 948 818 constanti
975 791 1059 827 usu,
1075 779 1193 827 idest,
1207 789 1432 833 incorrupto
1448 793 1493 821 ac
1501 790 1653 833 vegete

196 834 374 874 veritatis
400 842 443 873 et
495 830 684 871 onestatis
711 841 849 878 sensa,
874 829 1009 881 judicii
1035 830 1232 879 acumine,
1258 830 1483 882 integritate
1513 841 1558 873 et
1574 833 1657 873 'ele-

197 885 323 938 gantia
347 895 518 925 morum.
576 880 618 923 Is
646 881 760 933 igitur
785 893 916 934 neque
946 893 1109 922 omnem
1137 881 1335 922 literarum
1368 881 1539 924 fructum
1569 894 1657 937 per-

198 938 376 990 cepisse,
408 946 541 988 neque
570 934 678 974 vitae
705 933 887 974 didicisse
915 934 1091 981 videtur,
1129 933 1195 985 qui
1221 945 1302 973 non
1335 935 1382 973 ad
1408 934 1504 976 hanc
1529 935 1656 988 ipsam

197 988 480 1029 humanitatem
510 985 636 1025 literis
665 984 841 1023 colendis
873 984 1068 1036 aptiorem
1101 996 1147 1024 se
1183 985 1293 1024 reddi
1318 985 1482 1034 sentiat,
1517 995 1561 1025 ut
1582 986 1657 1037 hos

199 1040 356 1081 divinos
379 1039 571 1080 humanae
596 1045 755 1076 naturae
781 1035 971 1086 igniculos
996 1033 1139 1076 fovere
1169 1044 1211 1076 et
1237 1036 1283 1076 ad
1303 1036 1408 1077 vitae
1436 1049 1547 1077 usum
1574 1038 1661 1077 illn-

195 1093 398 1131 strandum
428 1088 631 1140 aliquando
660 1087 846 1126 adhibere
874 1096 1003 1139 queat.
1075 1086 1134 1126 Ut
1161 1087 1214 1125 sit
1240 1087 1357 1138 igitur
1383 1088 1519 1141 aliquis
1548 1088 1658 1129 theo-

194 1142 343 1194 logicae
369 1139 595 1193 disciplinae
621 1150 783 1189 gnarus,
824 1146 867 1177 ut
895 1137 1026 1189 legum
1055 1137 1229 1177 rationes
1254 1147 1411 1189 teneat,
1443 1149 1487 1180 ut
1518 1138 1660 1180 calleat

193 1203 317 1235 artem
336 1193 543 1239 medicam,
565 1199 627 1230 est
648 1190 724 1230 hoc
750 1189 918 1241 aliquid,
943 1201 1076 1242 neque
1099 1198 1231 1229 tamen
1256 1190 1297 1229 in
1323 1202 1375 1230 eo
1398 1200 1491 1231 sunt
1511 1191 1654 1232 omnia.

191 1245 327 1287 Altius
340 1244 521 1296 quiddam
530 1242 703 1283 doctrina
717 1250 759 1282 et
773 1242 964 1281 bonarum
977 1241 1114 1281 artium
1130 1242 1307 1282 tractatio
1320 1243 1519 1296 praestare
1537 1243 1654 1283 nobis

192 1306 235 1338 et
251 1305 388 1349 potest
404 1304 446 1336 et
462 1294 598 1336 debet.
625 1292 704 1346 Qui
720 1292 882 1333 enimin
898 1293 1188 1346 disciplinarum
1202 1295 1446 1334 commercio
1464 1294 1656 1347 optimam

193 1349 300 1389 iliam
321 1348 516 1387 rationem
541 1345 718 1386 discendi
743 1354 903 1385 secutus
928 1345 1035 1386 vitae
1065 1357 1165 1385 vete
1191 1345 1389 1395 didicerit,
1427 1346 1464 1387 is
1489 1347 1658 1387 omnino

197 1399 375 1439 omnium
393 1408 527 1437 earum
539 1408 681 1442 terum,
692 1407 791 1447 quae
805 1395 1010 1444 honestae,
1023 1397 1254 1448 praeclarae,
1270 1399 1438 1438 decorae
1452 1398 1659 1447 habentur,

194 1462 353 1492 sensum
378 1448 456 1488 sibi
481 1446 722 1506 comparabit
744 1455 786 1486 et
805 1445 1077 1496 intellectum3
1120 1446 1152 1485 is
1182 1458 1264 1486 non
1290 1460 1359 1490 sua
1379 1448 1502 1508 ipsius
1523 1449 1656 1489 solum

194 1501 401 1543 commoda
416 1500 632 1553 spectablt,
652 1498 725 1538 sed
743 1498 903 1551 patriae,
924 1510 1023 1552 quae
1041 1510 1120 1551 quo
1137 1498 1268 1551 plures
1286 1499 1353 1540 alit
1370 1512 1478 1540 viros
1493 1500 1660 1554 probos,

194 1555 399 1602 honestos,
408 1551 679 1602 intelligentes
693 1558 735 1591 et
750 1561 948 1601 generoso
961 1550 1090 1591 animo
1105 1551 1314 1602 praeditos,
1327 1563 1377 1592 eo
1386 1550 1543 1592 felicior
1556 1553 1631 1594 erit
1646 1565 1659 1603 ς

191 1608 263 1647 sed
292 1606 412 1646 totius
439 1603 596 1655 generis
620 1602 795 1650 humani,
824 1602 931 1653 cujus
954 1604 1075 1642 decus
1101 1612 1142 1643 et
1168 1614 1301 1644 veram
1327 1600 1538 1646 utilitatem
1562 1616 1654 1657 pro-

192 1670 369 1705 movere,
387 1668 543 1706 augere,
564 1655 669 1695 tueri
680 1667 752 1707 pro
766 1667 812 1695 se
826 1655 992 1707 quisque
1007 1664 1129 1694 nemo
1144 1654 1275 1695 bonus
1284 1667 1452 1707 unquam
1471 1653 1653 1707 cessabit.

293 1709 436 1760 Neque
455 1708 582 1758 igitur,
594 1706 924 1754 commilitones,
944 1707 1137 1758 temporis
1154 1718 1229 1747 vos
1249 1707 1473 1759 poeniteat,
1492 1708 1601 1760 quod
1612 1707 1658 1750 in*

195 1773 322 1802 earum
340 1759 479 1801 artium
497 1767 539 1799 et
549 1758 820 1810 *diciplinarum
836 1758 973 1797 studiis
990 1758 1212 1806 collocatis,
1230 1770 1330 1810 quae
1351 1767 1394 1798 ut
1407 1758 1597 1799 humanae
1610 1765 1655 1798 et

194 1813 376 1854 liberales
390 1810 648 1865 appellantur,
657 1809 717 1848 xita
728 1820 826 1848 vere
846 1809 1042 1856 liberales,
1054 1820 1151 1848 vere
1167 1809 1355 1855 humanos
1369 1806 1558 1864 effingere
1573 1821 1650 1859 vos

194 1874 381 1917 possunt;
428 1872 566 1915 atque,
603 1869 649 1901 ut
677 1860 800 1901 adhuc
831 1857 984 1907 facitis,
1019 1860 1073 1899 ita
1102 1858 1228 1899 studia
1263 1865 1394 1900 ‘vestra
1430 1863 1576 1912 regite,
1596 1857 1662 1903 'ut'

195 1927 360 1967 vegetus
382 1916 452 1956 ille·
469 1925 512 1955 et
531 1914 781 1965 incorruptus
803 1911 1019 1953 honestatis
1039 1921 1081 1951 et
1097 1911 1274 1952 veritatis
1290 1912 1418 1961 amor,
1439 1916 1660 1965 utsatnaset¹

192 1978 293 2008 recta
319 1978 361 2008 et
388 1968 436 2008 ad
463 1966 656 2017 agendum
682 1973 769 2015 apta
794 1964 912 2005 ratio.
946 1963 1085 2016 quibus
1105 1963 1236 2018 ,rebus
1268 1960 1661 2019 humanitatis-quasi

193 2019 362 2058 medulla
381 2018 617 2066 continetur,
638 2017 747 2057 nullo
768 2016 932 2069 posthac
947 2028 1024 2056 nec
1041 2015 1171 2056 studio
1221 2025 1378 2058 uaestus
1397 2028 1472 2059 nec
1486 2020 1666 2070 oocupa-v

194 2070 345 2111 tionum
365 2082 487 2111 onere
508 2071 547 2111 in
567 2069 799 2124 pectoribus
817 2067 960 2109 vestris
984 2080 1151 2123 unquam
1172 2081 1198 2110 o
1227 2077 1372 2117 matur.
1519 2083 1524 2086 ·
1550 2080 1553 2083 ’
1571 2078 1575 2084 ’
1653 2080 1658 2087 ·
