1866 2477
227 147 294 184 164
376 128 383 132 “
616 166 618 169 >
732 153 819 185 ,um
845 154 888 179 n.
935 152 1015 179 on.
1040 151 1164 179 xm:-

427 237 570 274 Posthac
589 235 726 281 pulchra
744 241 823 271 tune
848 234 993 271 scribam
1014 232 1191 280 primordia
1211 234 1359 280 gentius

479 295 592 340 Atque
615 300 740 335 atavos,
763 303 916 339 proavos,
941 285 1261 338 mgflanimumque
1283 299 1424 337 patrem

431 352 476 387 Et
498 351 634 396 generis
657 352 786 392 titulos,
810 358 844 386 et
867 350 978 385 avitae
997 356 1181 384 stemmata
1204 357 1331 386 terrae:

481 409 657 457 Quamque
680 415 781 444 vetus
804 407 866 443 tibi
887 407 933 442 sit
955 396 1141 442 nobilitatis
1161 407 1278 443 honos÷

434 466 519 506 Quis
545 476 638 510 puer,
662 472 697 500 et
720 465 837 510 primis
860 475 928 511 quo
951 469 1050 508 pacto
1073 463 1259 499 adoleveris
1281 465 1399 501 annis:

482 522 570 562 Quid
596 523 665 563 vir,
702 522 754 556 vel
777 521 939 566 quidquid
962 520 1106 566 gesseris
1128 521 1200 567 ipse
1222 533 1335 557 senex.

435 579 487 614 Tu
510 586 645 615 tantum
668 579 830 624 placidam
856 579 950 614 nobis
974 579 1118 613 concede
1141 579 1308 623 quietemz

461 665 464 667 Α
483 635 596 681 Atque
618 637 807 671 sodalitium
831 646 915 679 coge
936 636 1027 670 coire
1049 646 1173 671 meum.

435 692 543 728 Nemo
567 695 692 728 etenim
717 694 806 728 hunc
829 693 922 727 solus
947 692 1068 734 poterit
1091 693 1275 737 complesse
1296 693 1459 733 laborem,

481 751 533 785 Ex
556 761 625 795 quo
648 756 699 784 tot
720 749 828 784 sancti
848 755 1149 784 commemorantur
1170 749 1237 784 avi.

438 809 591 850 Cumque
614 807 673 841 tibi
697 807 810 841 nullus
833 806 953 840 similis
976 817 1067 840 nunc
1093 806 1178 841 vivit
1201 806 1235 840 in
1258 805 1354 840 orbe:

496 863 684 898 Historiam
707 864 795 898 hanc
818 864 910 898 solus
933 859 1076 898 scribere
1097 874 1196 898 nemo
1221 869 1343 908 potest.

317 982 319 984 ·
341 958 401 1006 11)
425 958 514 1000 Quid
531 958 577 994 sit
592 958 633 993 de
655 943 821 999 Ta'buta,
839 964 884 994 ⁴ut
904 959 970 994 dici
985 958 1080 998 solet,
1100 957 1428 1003 peutingeriana,
1446 967 1548 1002 quam
1558 956 1696 995 JWchaet

233 1016 486 1061 Hammelbergius
517 1017 552 1051 in
568 1027 617 1060 ep.
634 1016 676 1050 ad
696 1015 823 1049 Beatum
838 1014 1010 1050 Rhenanam
1031 1022 1130 1051 vocat
1149 1011 1323 1060 ὁδοιπορικδν
1341 1014 1480 1048 Celticum
1486 1026 1496 1057 ;
1526 1025 1692 1060 quamque

231 1074 360 1109 Marcus
374 1073 660 1117 Wlscrwprimus
680 1072 791 1111 edidit,
815 1072 913 1106 multi
934 1073 1042 1108 multa
1055 1073 1273 1113 scripserunt.
1298 1072 1483 1107 Senserunt
1498 1071 1540 1107 de
1551 1072 1608 1107 illa
1626 1072 1702 1108 non*

231 1131 329 1177 pauci
351 1130 617 1174 magnificentius
632 1138 750 1173 aequo.
798 1128 998 1164 Prodierunt
1017 1135 1092 1174 post
1108 1129 1268 1168 Venetam,
1291 1139 1376 1172 quae
1398 1128 1513 1162 Vetseri
1529 1135 1598 1168 est,
1620 1130 1698 1165 inde

229 1189 269 1224 ab
285 1198 340 1222 an.
353 1189 438 1222 1691
462 1186 623 1221 editionae
641 1191 839 1229 sequentes:
862 1184 1086 1230 Anwnpiensis
1107 1188 1212 1226 1598,
1237 1185 1417 1219 Parisimsis
1440 1185 1543 1226 1618,
1566 1184 1696 1221 Amstel.

233 1245 337 1285 1653,
360 1240 499 1278 Norimb.
518 1242 618 1277 1682.
666 1241 699 1278 A
721 1240 853 1288 Georgia
866 1242 985 1278 Homo
1003 1253 1058 1278 an.
1081 1243 1166 1276 1686
1188 1244 1313 1278 inserta
1327 1242 1557 1288 Geographiae
1574 1245 1691 1281 veteri.

226 1302 395 1338 Successit
412 1298 616 1335 Bruxeliensis
632 1301 718 1334 1728
729 1326 738 1340 ,
763 1311 863 1344 quam
882 1301 1014 1346 excepit
1026 1299 1229 1335 Bmxsllensis
1249 1301 1363 1335 altera.
1412 1300 1556 1335 Demum
1577 1300 1694 1335 deo·

227 1358 360 1392 bonensis
376 1360 390 1388 1
398 1358 464 1390 753
477 1367 576 1399 opera
584 1354 648 1402 30.
660 1355 863 1401 Christophori
874 1356 1041 1402 descheyln
1063 1357 1188 1403 patritii
1202 1356 1440 1395 constantiensis,
1454 1357 1563 1392 dicata
1571 1356 1695 1392 Mariae

235 1412 389 1461 mesiae
402 1412 616 1457 Imperatriei.
650 1413 726 1447 Non
741 1424 815 1448 esse
831 1414 916 1449 tanti
931 1414 1044 1458 pretii,
1070 1415 1185 1458 quanti
1199 1415 1298 1457 vulgo
1319 1414 1497 1448 aestimata
1515 1414 1596 1454 fuit,
1621 1416 1699 1449 sub-

228 1471 381 1506 oluerunt
396 1467 598 1512 Bmstamy
616 1479 648 1512 p.
661 1478 737 1514 272.
751 1468 876 1514 Appar.
888 1470 1012 1513 Geogr.
1038 1467 1203 1513 crzmmptz.
1223 1467 1364 1502 Cellarius
1395 1468 1430 1502 in
1451 1469 1552 1512 praes.
1569 1470 1612 1504 ad
1623 1470 1695 1506 T.1.

231 1527 340 1564 Notit.
353 1525 440 1562 orbis
452 1524 593 1571 antiqui.
615 1524 814 1561 Accuratius
825 1537 865 1562 ea
875 1526 917 1561 de
926 1537 964 1561 re
970 1525 1132 1573 judicium
1143 1525 1220 1562 tulit
1233 1523 1361 1562 Conrad.
1371 1524 1514 1560 Mannert
1529 1525 1564 1562 in
1574 1526 1696 1564 disser-

229 1585 356 1620 tatione
375 1583 530 1629 adjuncta
548 1584 708 1628 opusculo
731 1583 767 1617 de
780 1582 864 1632 rebus
880 1583 1006 1629 Trajani
1018 1584 1062 1618 ad
1070 1582 1254 1619 Danubium.
1277 1581 1414 1617 Norimb.
1427 1592 1518 1629 1793.
1538 1590 1569 1622 8.
1616 1585 1693 1621 Non

229 1648 330 1686 negat
351 1641 403 1676 vir
427 1640 463 1674 in
483 1652 523 1674 eo
547 1641 731 1675 studiorum
753 1652 875 1685 genere
896 1642 1047 1686 apprime
1068 1648 1219 1678 versatus
1232 1667 1241 1682 ‚
1269 1652 1289 1676 a
1306 1646 1418 1676 vetere
1437 1641 1615 1687 exemplari
1636 1630 1694 1678 de*-

227 1699 398 1744 sumptam
410 1708 504 1741 esse;
532 1698 590 1733 sed
611 1704 799 1744 corruptam
818 1698 852 1735 in
869 1700 1004 1741 multis,
1026 1705 1127 1746 atque
1145 1699 1399 1746 interpolamm,
1420 1698 1690 1746 referendamque

224 1757 267 1791 ad
282 1756 435 1792 seculum
450 1754 544 1791 ΧΙΙΙ.
566 1754 805 1799 (verisimiliter
822 1758 1033 1794 tribuendam
1048 1760 1175 1794 auctori
1195 1756 1336 1792 chronici
1351 1751 1582 1803 Colmariensis)
1604 1759 1694 1803 quod

224 1814 357 1858 quidem
373 1813 537 1848 intrinsecis
559 1814 664 1858 aeque
684 1824 725 1848 ac
742 1815 912 1850 extrinsecis
931 1815 1138 1861 argumentis
1158 1814 1371 1860 comprobat;
1397 1825 1480 1859 quae
1497 1814 1692 1865 singulatim

224 1879 412 1911 recensere,
435 1878 543 1905 nostrl
564 1882 632 1905 non
655 1878 708 1907 est
731 1872 886 1908 instituti.

314 1966 390 2002 Hoc
397 1967 471 2003 loco
488 1968 571 2003 satis
586 1968 630 2004 sit
644 1969 803 2005 adnotare
819 1968 1009 2005 Mummium
1025 1969 1117 2006 istud
1135 1979 1208 2004 esse
1223 1980 1243 2006 a
1258 1967 1305 2005 Ce
1313 1969 1367 2006 lte
1390 1975 1571 2017 repertum,
1601 1966 1690 2006 Char.

230 2023 403 2069 Pcutingero
423 2027 674 2075 commodatum
685 2053 694 2068 ,
726 2034 761 2063 et
787 2034 989 2065 testamento
1012 2029 1160 2074 legatum
1187 2028 1278 2065 hisce
1297 2030 1421 2065 verbis:
1455 2028 1531 2064 Item
1551 2028 1617 2072 lego
1638 2039 1692 2074 ego

228 2077 359 2115 Domino
374 2082 500 2119 Ductori
524 2083 661 2120 Conrado
674 2084 832 2131 Peutinger
854 2085 1044 2123 Itinerarium
1061 2084 1208 2122 Antonini
1220 2086 1291 2127 Εἰ,-
1308 2088 1359 2133 qui
1376 2088 1463 2123 etiam
1482 2083 1599 2122 eandm
1616 2092 1693 2121 manc
