1866 2477
522 170 640 201 orsu
663 170 895 202 berennus.
923 170 1135 200 mcum-u,
1163 168 1358 195 rnomssn.
1593 161 1658 193 165

201 257 296 297 lubet.
335 255 414 293 Volo
435 256 541 298 tamenJ
554 261 594 295 ,et
609 265 700 300 rogo,
729 258 762 288 ut
785 257 862 298 poss
877 253 1080 297 ejus-mmm
1100 249 1144 285 ad
1162 262 1244 286 usum
1261 248 1427 297 publicum,
1448 260 1505 294 per
1527 250 1660 295 aliquam

201 316 366 356 librariam,
387 319 555 349 reversatum
593 313 670 348 Hoc
688 311 886 349 itinerarium,
908 315 947 344 ut
963 311 1061 354 ‘supra
1073 310 1232 349 vidimus,
1254 305 1512 352 Hammelbergius
1525 310 1662 345 vocavit

204 373 365 410 Celtimm5
397 376 431 406 et
451 370 599 414 Schim'us
618 365 807 404 numeravit
827 366 913 401 inter
936 365 1027 400 Celtis
1049 377 1146 411 opera
1156 366 1328 411 adoptiva,
1352 372 1391 401 ut
1413 364 1602 401 Rosmitham
1624 374 1660 403 et

204 429 392 475 ligurirmm·
415 414 539 473 ¹Neque
556 427 665 465 video,
682 433 780 459 eccur
797 433 837 457 ea
851 423 975 463 tabula,
992 433 1075 467 quae
1088 424 1187 467 vulgo
1198 423 1424 469 Peutingeriana
1437 423 1567 473 dicitur,
1592 436 1669 471 nun¹

201 487 273 533 pari
286 486 363 531 iure
370 485 486 521 ,vooeri
499 483 664 520 mereatur
678 479 806 515 Celtica.-
829 481 1094 528 quandoquidem
1113 479 1236 513 Celtis
1254 480 1344 514 illam
1359 481 1535 525 repererit;
1558 492 1599 516 ac
1616 482 1659 516 de

200 545 257 582 illa
271 544 307 579 in
317 543 474 579 extremis
484 540 605 576 tabulis
618 537 871 584 praescripserit,
886 537 1051 582 certisque
1064 537 1221 583 appositis
1234 537 1476 573 conditionibus
1490 538 1662 584 reliquerit

203 600 397 645 Peutingerof
421 599 489 642 qui,
508 597 588 641 quin
603 589 638 630 in
655 596 763 630 lucem
778 594 947 640 proferret,
963 595 1039 629 satis
1056 594 1173 637 cessit3
1197 595 1301 629 donec
1317 594 1451 629 tandem
1472 595 1612 630 Velm-us
1626 597 1670 631 id·

203 656 345 702 negotii,
366 654 481 690 multis
495 658 572 699 post
585 653 697 692 annis,
721 652 915 696 susceperit.
956 653 1049 692 Quae
1065 652 1185 686 fuerint
1203 651 1300 696 hujus
1318 650 1472 686 Itinerarii
1490 652 1576 693 sata,
1594 665 1660 698 qua

202 714 379 750 occasione
404 711 530 746 venerit
556 710 591 745 in
619 710 846 746 bibliothecam
867 708 1060 753 Augustam
1084 706 1275 743 Vindobonae
1302 708 1494 753 diligentius
1524 712 1661 754 exponit

203 771 341 807 illustris
360 765 525 813 Scheybius.

297 863 390 902 Quae
414 858 549 894 tandem
572 858 613 892 de
633 855 736 891 Ovidii
758 856 989 901 posterioribus
1014 867 1069 890 sex
1090 854 1246 890 Fastorum
1270 855 1547 900 libris‚feruntur;
1579 869 1663 902 quos

207 916 334 954 Celtis
356 916 508 954 asseruit,
535 914 662 949 servari
684 913 771 958 apud
794 913 1026 957 presbyterum
1048 912 1213 956 quendam
1236 913 1272 946 in
1294 924 1380 957 pago
1408 925 1507 959 prope
1533 914 1665 954 Ulmum,

144 993 160 999 -ὴ
205 975 344 1011 minime
356 974 577 1019 probabantur
593 970 716 1006 criticis
728 969 959 1005 oculatioribus
967 980 977 1011 ;
1001 970 1092 1004 velut
1106 970 1213 1004 elucet
1228 981 1269 1004 ex
1282 970 1343 1010 his,
1354 981 1440 1015 quae
1450 969 1512 1018 Jo.
1523 971 1664 1007 Alberms

206 1031 362 1075 Fabricius
380 1031 414 1064 in
424 1030 507 1065 Bibl.
515 1030 588 1063 Lat.
602 1026 713 1062 Hamb.
722 1037 808 1073 1721.
825 1026 866 1062 V.
883 1025 1020 1065 Ovidius,
1035 1027 1217 1062 scribebatt
1241 1026 1422 1067 „Nicolaum
1433 1030 1566 1072 quidem
1572 1030 1669 1064 Hein-

206 1091 303 1132 „sium
324 1087 453 1123 monuit
465 1083 530 1133 Jo.
543 1084 685 1120 Frideric.
702 1082 879 1124 Gmnoviw,
902 1085 1087 1128 inspectum
1104 1085 1168 1120 sibi
1186 1084 1289 1120 fixisse
1309 1086 1344 1120 in
1357 1085 1473 1120 Norico
1491 1093 1662 1123 vetustam

209 1146 365 1187 „Nasonis
381 1139 577 1182 editionem,
604 1142 659 1176 cui
676 1140 804 1175 Celtis
820 1140 941 1174 Prota
949 1142 1047 1179 cius,
1072 1142 1128 1184 qui
1147 1142 1272 1186 primus
1292 1148 1369 1186 post
1387 1149 1520 1177 renatas
1537 1144 1666 1179 litteras

207 1201 345 1247 „poesin
364 1200 399 1234 in
414 1198 592 1233 Germania
609 1198 824 1237 restauravit,
849 1207 951 1231 manu
969 1207 1032 1230 sua
1051 1197 1268 1242 adscripserit,
1288 1198 1429 1242 reliquos
1441 1210 1497 1232 sex
1507 1198 1668 1234 Fastorum

208 1256 321 1300 „libros
337 1256 458 1292 servari
480 1256 567 1301 apud
578 1255 806 1300 presbyterum
824 1254 858 1288 in
874 1265 961 1299 pago
980 1265 1081 1301 prope
1092 1254 1212 1291 Ulmum
1221 1266 1231 1298 ς
1252 1255 1516 1301 principiumque
1528 1257 1665 1302 septimi

209 1314 305 1356 „libri
332 1315 366 1349 in
387 1313 443 1348 illo
461 1313 575 1347 codice
596 1318 769 1346 exaratum
795 1311 915 1346 fuisse:

534 1381 579 1417 Tu
601 1391 708 1427 quoque
730 1382 833 1416 mutati
855 1392 960 1415 causas
983 1387 1010 1416 et
1031 1382 1149 1417 nomina
1171 1384 1276 1418 mensis

622 1439 659 1473 A
681 1445 708 1473 te
726 1440 775 1482 qui
797 1441 925 1482 sequitur
948 1441 1076 1473 maxime
1102 1439 1212 1474 Caesar
1234 1439 1331 1476 habes.

210 1522 299 1565 „Sed
313 1520 437 1556 Heinsio
446 1520 576 1556 videtur
591 1518 714 1554 Celtis
727 1519 768 1555 ab
780 1519 891 1565 aliquo
906 1520 1073 1566 deceptus,
1088 1521 1146 1566 qui
1154 1521 1264 1558 visum
1278 1520 1349 1562 sibi,
1366 1524 1464 1564 atque
1478 1519 1665 1566 inspectum

210 1578 381 1620 „codicem
406 1576 636 1611 affirmasset.”

302 1675 452 1713 Eandem
471 1677 623 1713 notitiam
641 1677 681 1712 de
695 1675 839 1711 inventis
859 1687 915 1710 sex
925 1674 1010 1712 libris
1027 1676 1182 1712 Fastomm
1201 1688 1277 1713 cum
1296 1676 1423 1713 Celtis
1442 1677 1669 1725 impertiretur

210 1735 292 1773 Aldo
305 1734 463 1777 Manuti03
487 1736 656 1780 rescripsit
673 1733 782 1774 Aldus,
803 1735 1019 1770 vehementer
1040 1747 1078 1770 se
1094 1736 1241 1771 dubitare
1258 1738 1299 1771 de
1315 1738 1363 1772 rei
1378 1737 1538 1781 veritate;
1561 1749 1669 1783 neque

212 1805 251 1829 se
266 1791 415 1827 convinci
438 1791 503 1826 illis
521 1793 647 1827 duobus
663 1793 809 1827 versibus
829 1792 870 1826 de
883 1798 1003 1827 'mense
1025 1790 1132 1840 Julio.
1184 1791 1274 1827 Cures
1301 1795 1400 1829 verba
1423 1801 1501 1829 sunt
1516 1793 1595 1829 Aldi
1616 1806 1669 1841 ep.

216 1852 320 1889 1501,
341 1851 373 1883 3.
386 1849 492 1894 Sept.,
519 1851 732 1885 accuratissime
754 1856 786 1884 ut
800 1848 905 1884 habeas
924 1850 1041 1885 ultimos
1067 1849 1135 1889 illos
1149 1850 1305 1886 Fastorum
1322 1850 1412 1886 libros
1417 1865 1429 1889 ,·
1459 1862 1530 1895 quos
1551 1849 1673 1889 viHendi

210 1905 490 1953 mpidissimussum.
518 1908 604 1942 Cum
626 1919 667 1943 ea
684 1909 725 1944 de
737 1919 772 1942 re
792 1907 882 1942 nulla
893 1908 1037 1953 amplius
1056 1909 1144 1954 apud
1160 1907 1267 1942 Celtem
1290 1908 1347 1945 fiat
1361 1909 1502 1944 mentio:
1525 1910 1670 1952 videtur,

213 1966 341 2002 detecta
354 1962 487 2005 fraude,
511 1967 710 2009 agnovisse,
733 1978 771 2002 se
795 1976 853 2011 pro
877 1966 1036 2002 thesauro
1060 1966 1248 2002 venditasse
1272 1968 1438 2004 carbones.
