1866 2477
232 153 303 191 152
780 156 852 181 ma.
851 151 856 155 “
868 150 916 181 'n.
945 156 1025 181 cn.
1049 148 1155 180 xxiv.

234 254 334 290 quem
364 241 495 285 reliquit
523 238 610 283 apud
637 234 826 281 Cuspidium,
851 246 939 272 -eum
970 233 1176 305 V'ndoboeiam
1196 234 1311 271 abitet.
1355 234 1489 283 Repetit
1516 248 1539 272 a
1560 237 1687 286 ⁸Joam„

233 301 356 337 famulo
379 295 532 342 pecunias
556 294 618 329 sibi
641 293 778 328 debitas.

322 366 500 409 Hieronymo
516 362 553 397 de
569 362 705 402 Croaria,
728 364 840 407 legum
854 331 983 397 doctori
1002 363 1088 407 apud
1102 362 1347 408 Ingotseadimes
1357 363 1534 411 sig-nificat,
1557 366 1688 404 Viennae

233 424 369 461 meliore
400 422 474 457 loco
504 431 580 455 esse
597 428 668 455 res
696 430 787 455 suas.
848 419 952 464 Cupit
979 419 1102 455 certior
1131 420 1221 462 fieri,
1255 432 1298 456 an
1327 432 1398 457 non
1418 422 1580 460 lecturam
1601 423 1691 482 Juris·

235 479 392 518 Canonici
414 478 448 513 in
466 475 696 513 Vindobonensi
716 476 886 513 academia
907 478 1066 524 amplecti
1090 478 1181 514 velit.

321 548 473 585 Fridmco
495 548 630 594 Brogd,
672 548 758 594 juris
780 548 967 584 Licentiato
998 546 1055 583 W
1054 547 1206 594 rceburga
1249 550 1459 585 commendat
1488 551 1696 603 magistrum

230 605 284 656 eJ⁰
284 618 387 642 annem
393 605 519 651 Enge13
550 613 651 651 atque
674 612 780 650 rogat,
804 612 844 640 ut
867 616 963 641 suam
985 607 1072 652 apud
1093 606 1295 651 Episcopum
1315 617 1450 652 operam
1472 607 1669 655 interponat

324 676 481 726 joannem
503 675 774 721 Aesticampianum
798 674 1053 728 (Somrnerfeld)
1077 677 1189 721 arguit
1211 677 1430 721 negligentiae
1452 678 1487 712 in
1507 677 1697 713 scribendo„

225 736 350 780 'Jubet
385 734 511 769 amoris
541 733 671 778 pristini
701 731 864 777 igniculos
899 738 938 766 ut
960 732 1108 767 suscitet.
1155 732 1321 777 Adjunxit
1350 733 1510 777 epistolae
1532 727 1695 779 Episodia

234 789 350 836 quibus
374 790 525 827 Viennae
549 800 570 824 a
593 788 758 825 sodalibus
784 787 952 824 litterariis
976 794 1028 824 est
1050 794 1227 836 exceptus.

841 870 946 905 Anno·
974 869 1075 905 1498-

326 926 460 963 Sebalda-
480 925 618 960 Clamoso
638 925 771 964 scribit,
801 932 1064 962 restauraturum
1088 937 1125 961 se
1148 936 1222 960 esse
1243 923 1488 970 Norimbergam·‚
1515 932 1616 972 atque
1643 938 1698 964 re·

237 985 420 1020 missurum
441 981 757 1030 Norimbergensibus,
793 983 823 1018 si
847 983 1008 1029 petierint.
1060 983 1178 1023 Addit,
1207 982 1330 1017 melius
1357 983 1418 1018 sibi
1447 995 1522 1020 esse
1552 984 1696 1027 meme,

238 1052 339 1087 qnam
362 1041 564 1085 Ingolswdii:
586 1041 750 1086 ‘proxima
773 1040 1028 1084 quadragesima
1046 1052 1084 1076 se
1105 1040 1238 1075 iturum
1260 1040 1413 1080 Vmetian
1438 1041 1699 1086 ad'comparan-

241 1099 302 1134 dos
324 1098 435 1138 libros,
460 1098 605 1132 Graecos
628 1103 663 1131 et
685 1096 839 1132 Latinos..
910 1128 912 1131 .

328 1164 449 1215 οἵω-οὒτ’
466 1165 599 1206 Gummi,¹
617 1173 735 1211 poetae
758 1166 909 1206 laureati,
933 1166 1084 1210 degentis
1110 1165 1159 1200 ad'
1174 1165 1304 1200 camum
1323 1165 1465 1206 Insulam
1489 1167 1602 1213 laudat
1624 1180 1697 1204 car·

238 1224 345 1265 mina,
374 1224 570 1269 quibus-est
597 1224 640 1259 ah
663 1223 737 1268 ipso
760 1223 957 1258 honoratos.
1002 1223 1123 1258 Invitat
1147 1232 1223 1258 eum
1251 1222 1415 1264 Viennam,
1446 1229 1485 1259 ut
1508 1224 1700 1262 carminum.

238 1279 343 1327 (quae
369 1280 496 1316 Celtis
520 1279 700 1327 procudit)
730 1281 861 1316 auditor
882 1292 956 1316 esse
978 1288 1101 1326 posset,
1122 1287 1160 1332 ‘et
1183 1292 1308 1316 censor.

328 1351 382 1386 Ab
402 1349 528 1385 Andrea
549 1350 687 1390 Rerum,
710 1351 967 1395 Salisburgensi,
992 1352 1139 1395 postulat
1161 1351 1367 1386 solutionem*
1384 1349 1495 1391 debiti,
1518 1338 1606 1395 quo'd
1627 1349 1703 1396 eju's:

235 1407 325 1443 filius
353 1406 485 1442 Viennae
500 1407 683 1443 contraxit.

335 1459 475 1512 Conrado
488 1475 609 1516 Amico,
633 1477 773 1516 medico,
802 1473 923 1510 Graecii
946 1482 1052 1523 artem
1075 1487 1174 1511 suam
1196 1476 1372 1516 exercenti,
1395 1476 1534 1515 nuntiat,
1561 1475 1706 1512 Venetia:-

238 1546 276 1571 se
299 1535 426 1570 iturum
442 1540 599 1580 >ternpore
616 1544 736 1576 verno
729 1544 741 1551 ··
760 1533 793 1567 id
817 1533 941 1568 interea
966 1533 1202 1579 impedimento
1219 1545 1304 1569 esse.
1326 1534 1413 1578 quod
1432 1533 1615 1579 sumptibus
1629 1534 1705 1570 suis-

239 1593 306 1629 iter
330 1591 492 1628 conficere
516 1592 645 1627 debeat.
693 1591 734 1626 Ei
757 1590 870 1636 objicit
894 1591 1085 1632 avaritiam,
1109 1598 1169 1627 aut
1193 1592 1400 1627 sedulitatem
1423 1591 1565 1627 nimiam
1581 1592 1617 1627 in
1642 1604 1705 1628 ex·

240 1650 435 1694 torquendis
467 1648 650 1683 nummulis
682 1660 746 1693 pro
772 1648 940 1683 curatione
970 1656 1198 1693 aegrotorum.
1248 1649 1381 1689 Monet,
1420 1654 1459 1683 ut
1486 1648 1704 1684 creditoribus

247 1706 292 1742 V
292 1717 380 1741 mnae
410 1705 607 1741 satisfaciat.
671 1707 788 1752 Optat,
824 1711 862 1741 ut
896 1707 1173 1752 quemadmodum
1202 1704 1398 1753 lngolstadii,
1430 1706 1480 1742 ita
1510 1704 1707 1743 V'mdobonac

240 1765 363 1802 habeat
387 1763 607 1799 convictores.

348 1833 403 1870 Ad
433 1832 593 1881 ,Joannem
615 1831 887 1877 AEsticampianum
925 1843 1025 1877 quam
1067 1834 1155 1869 dedit
1193 1832 1371 1879 ep'i'stolam
1400 1832 1547 1869 condivit
1574 1833 1707 1879 jocosis

245 1891 375 1928 salibus.
422 1892 524 1927 Petiit
547 1891 670 1927 librum.
689 1889 891 1926 Ruthenicum.
927 1890 1164 1935 significavit,
1195 1891 1333 1926 uxorium
1360 1902 1398 1926 se
1421 1891 1491 1927 fore
1514 1897 1656 1937 poetam.

342 1961 396 2000 Di.
420 1961 615 2008 Rysicheum
646 1963 672 2010 J.
698 1963 739 1999 U.
764 1963 803 1998 D.
828 1961 1024 2008 Ingotstadii,
1063 1968 1174 2007 rogat,
1205 1969 1244 1999 ut
1274 1963 1399 1999 litteras
1428 1964 1498 2000 suis
1509 1952 1707 2010 adjunctas·

247 2021 379 2064 perferri
396 2026 495 2061 curet
516 2022 557 2056 ad
569 2032 638 2062 eos,
661 2021 780 2067 quibus
800 2026 881 2057 sunt
897 2020 1083 2065 inscriptae,
1108 2020 1258 2057 videlieet
1280 2022 1323 2057 ad
1335 2019 1707 2069 ‚Joananntburgium

246 2084 282 2115 et
303 2075 455 2125 tJotmnem
480 2077 524 2116 V
522 2079 639 2125 ganum.
